2585 3173
1160 188 1402 274 ΞΞΞΞΞᾎᾌΞΞῈΞ

333 372 386 407 ut,
415 368 510 411 quod
538 378 717 405 summum
745 368 879 403 bonum
904 368 1206 414 judicaverimus,
1241 373 1276 408 id
1303 378 1510 409 constanter
1535 372 1680 417 assequi
1706 369 1914 408 studeamus
1940 381 1982 407 ac
2009 378 2103 409 recta
2130 375 2233 418 quasi

325 437 379 471 via
407 436 451 472 ad
478 447 583 473 suum
618 438 773 483 quisque
801 436 904 471 finem
934 446 1140 484 pergamus.
1195 440 1299 477 Iustis
1328 442 1422 477 enim
1446 440 1612 477 remediis
1640 445 1673 476 et
1698 439 1743 476 ad
1769 439 1934 476 morbum
1960 439 2172 488 fugiendum
2200 446 2233 477 et

321 506 366 541 ad
402 512 495 542 recte
522 506 709 542 vivendum
738 516 829 551 opus
854 516 932 541 esse
956 510 1006 548 (v.
1040 507 1238 551 δ28-30).
1302 509 1419 555 Atque
1452 513 1563 547 tertiae
1596 511 1741 557 quidem
1772 511 1884 556 partis
1918 519 2061 545 omnem
2093 511 2162 546 vim
2196 512 2232 546 in

320 588 351 611 v.
390 576 436 612 30
469 578 623 621 positam
650 586 729 611 esse
755 576 932 611 neminem
959 575 1065 623 fugit.
1128 576 1237 622 Quod
1269 584 1387 616 autem
1420 581 1524 625 quasi
1549 580 1747 617 dubitando
1779 583 1910 626 praeter
1933 580 2098 615 virtutem
2124 581 2230 616 etiam

317 646 420 691 plura
450 646 621 692 proponit
647 646 681 680 in
712 654 792 690 quae
826 644 1033 680 incumbere
1057 647 1197 691 possis,
1234 649 1394 692 minime,
1433 648 1469 683 id
1497 648 1595 694 quod
1623 648 1678 685 Tu
1712 650 1785 692 vis,
1820 648 1975 695 speciem
1999 657 2074 694 prae
2100 658 2138 684 se
2166 648 2235 684 sert

318 717 476 751 hominis
503 716 608 759 cujus
634 714 722 748 nihil
750 715 891 749 intersit
916 715 1022 759 quale
1048 717 1152 751 nobis
1176 705 1354 753 summum
1382 719 1516 753 bonum
1543 719 1744 764 tingamus,
1782 718 1845 754 sed
1877 728 1989 763 quum
2020 720 2106 753 satis
2144 719 2234 753 sciat

317 796 388 820 non
418 785 522 820 facile
554 793 773 829 quemquam
805 792 884 818 esse
914 788 983 818 tam
1019 784 1143 820 rudem
1171 792 1276 832 atque
1314 787 1549 823 inhumanum
1581 787 1643 832 qui
1675 788 1824 822 omuino
1855 788 1982 823 virtute
2007 791 2116 834 neget
2139 796 2231 832 opus

318 864 396 890 esse
424 854 467 889 ad
494 855 594 889 beate
622 851 810 887 vivendum
839 857 872 887 et
898 863 1009 897 quum
1041 854 1168 890 iterum
1198 861 1303 900 atque
1336 858 1463 892 iterum
1496 857 1719 903 gravissimis
1756 856 1874 891 verbis
1908 855 2085 900 affirmet,
2124 865 2231 900 quam

315 926 384 960 sibi
411 925 566 969 quisque
593 923 767 957 rationem
796 923 874 956 vitae
903 925 1155 968 proposuerit,
1201 936 1278 962 eam
1305 931 1513 962 constanter
1537 925 1728 962 tenendam
1756 935 1859 970 esse,
1899 928 2037 964 cunctis
2069 926 2233 962 versibus

314 993 484 1029 31-66
522 992 589 1027 hoc
628 1000 738 1025 unum
772 989 913 1026 efficere
949 992 1087 1036 studet,
1124 999 1162 1029 ut
1195 996 1225 1030 si
1260 996 1341 1041 quis
1373 994 1547 1031 concedat
1581 994 1796 1036 (concedere
1824 999 1943 1030 autem
1978 993 2053 1030 fere
2087 998 2231 1036 omnes]

314 1064 440 1097 virtute
472 1062 517 1097 ad
555 1065 649 1096 recte
683 1059 872 1095 vivendum
909 1072 987 1096 esse
1016 1072 1131 1107 opus,
1172 1063 1314 1100 sortiter
1347 1069 1520 1109 sequatur
1552 1074 1661 1100 unam
1695 1066 1874 1101 virtutem.
1903 1084 1960 1093 v—
1997 1064 2079 1099 Haec
2118 1065 2231 1111 igitur

316 1134 422 1166 totius
462 1130 624 1176 epistolae
660 1138 800 1164 summa
841 1134 919 1165 est:
959 1130 1009 1166 Ne
1049 1132 1135 1176 quid
1177 1134 1420 1170 vehementius
1459 1133 1699 1179 cupidiusque
1734 1134 1939 1180 inceperis,
1978 1133 2040 1169 sed
2078 1134 2231 1168 consilio

314 1211 458 1246 semper
488 1211 529 1236 ac
561 1201 701 1234 ratione
728 1200 864 1233 utaris:
904 1210 948 1234 an
984 1210 1090 1243 vero,
1132 1203 1192 1237 ubi
1228 1204 1485 1248 cupiditatibus
1517 1204 1719 1238 obcaecatus
1752 1206 1857 1238 vitam
1893 1204 2011 1249 egeris
2049 1207 2083 1237 et
2114 1202 2232 1238 subita

316 1281 413 1306 mors
441 1275 474 1305 te
501 1270 606 1304 bonis
630 1268 857 1314 spoliaverit,
894 1270 1025 1304 vixeris
1053 1272 1182 1306 recte?
1216 1283 1302 1319 ergo
1330 1274 1500 1318 quoniam
1529 1273 1668 1307 ratione
1696 1272 1868 1307 utendum
1895 1277 1967 1315 est,
1995 1281 2066 1306 non
2097 1272 2234 1317 poteris

317 1342 403 1385 quiu
428 1349 608 1375 summum
636 1339 772 1373 bonum
795 1338 938 1382 judices
966 1340 1129 1375 virtutem
1156 1342 1191 1376 in
1227 1353 1376 1387 eamque
1401 1343 1499 1378 omni
1526 1341 1646 1377 studio
1669 1342 1870 1377 incumbas.

505 1408 659 1443 Uberius
690 1408 757 1443 hoc
784 1406 828 1442 de
854 1408 935 1443 loco
963 1408 1245 1455 disputavimus,
1284 1411 1380 1456 quod
1419 1411 1498 1455 ejus
1522 1412 1770 1457 interpretatio
1790 1410 1954 1456 'pendere
1976 1410 2165 1446 videbatur
2189 1420 2232 1445 ex

314 1480 453 1514 Horatii
500 1480 536 1514 in
581 1477 812 1523 philosophia
858 1478 1021 1513 ratione:
1071 1479 1225 1516 celerius
1271 1490 1483 1526 percurrere
1534 1481 1656 1515 licebit
1704 1485 1876 1525 quattuor
1918 1481 1980 1525 qui
2030 1484 2233 1524 sequuntur

313 1558 515 1584 sermones.
579 1547 618 1582 In
646 1547 777 1592 quibus
806 1555 916 1591 quum
944 1546 1054 1582 multa
1088 1550 1233 1597 egregie
1261 1551 1399 1586 novasti
1426 1551 1499 1586 sive
1525 1548 1796 1596 interpretando
1825 1549 1899 1585 sive
1925 1548 2230 1596 interpungendo,

316 1624 389 1652 tum
414 1619 449 1652 in
474 1617 688 1661 explicando
718 1616 797 1650 loco
823 1614 1039 1651 difficillimo
1069 1619 1131 1662 qui
1156 1619 1288 1666 legitur
1308 1620 1382 1662 Vll,
1407 1621 1453 1655 35
1480 1629 1536 1654 me
1558 1619 1677 1663 judice
1698 1619 1810 1653 tulisti
1834 1619 2002 1663 palmam.
2047 1617 2230 1652 Nonnulla

316 1698 404 1723 sane
431 1687 554 1722 relicta
582 1692 665 1722 sunt
690 1696 771 1730 quae
805 1697 848 1721 ne
882 1686 937 1721 Tu
973 1687 1117 1731 quidem
1154 1695 1248 1725 recte
1276 1690 1512 1735 explicavisse
1548 1688 1637 1724 mihi
1662 1687 1842 1725 videaris:
1881 1687 1944 1724 sed
1971 1688 2056 1733 quia
2081 1687 2230 1723 meliora

317 1765 387 1792 non
417 1756 534 1791 liabeo
561 1764 640 1801 quse
670 1755 704 1789 in
734 1754 890 1789 medium
918 1755 1119 1800 proferam,
1147 1757 1190 1793 de
1218 1759 1260 1793 iis
1288 1759 1443 1793 tacuisse
1470 1758 1583 1793 satius
1607 1757 1686 1792 erit.
1741 1755 1850 1801 Quod
1877 1761 1996 1791 autem
2023 1755 2088 1802 Ep.
2116 1756 2158 1799 X,
2184 1756 2228 1790 ⁴7

315 1826 500 1861 Waddelii
535 1826 780 1869 conjecturam
815 1826 973 1870 imperat,
1017 1816 1145 1859 haud
1176 1831 1276 1862 servit
1311 1839 1355 1863 ne
1390 1829 1571 1863 mentione
1597 1827 1741 1871 quidem
1766 1826 1914 1873 dignam
1941 1826 2078 1868 fecisti,
2118 1827 2231 1861 miror

315 1907 381 1944 ego
418 1895 584 1942 quidem,
626 1904 844 1940 quamquam
882 1901 962 1942 post
992 1897 1151 1934 Jacobsii
1185 1896 1358 1933 lectiones
1389 1896 1590 1933 Venusinas
1624 1898 1724 1944 (pag.
1755 1896 1844 1938 166)
1879 1894 1924 1931 ad
1959 1904 2069 1930 unum
2104 1904 2229 1931 omnes

315 1967 528 2011 interpretes
554 1975 631 2000 eam
661 1966 864 2010 rejecerunt
892 1970 1060 2011 tanquam
1091 1977 1216 2002 vanam
1242 1972 1347 2011 atque
1376 1967 1552 2002 inutilem.
1601 1966 1673 2002 Nec
1704 1966 1823 2001 minus
1848 1974 1917 2011 ego
1945 1964 2229 2000 infelicissimam

315 2047 393 2072 eam
415 2037 567 2071 dixerim
595 2035 691 2080 quod
719 2036 756 2069 in
785 2036 845 2070 tali
868 2038 1098 2082 oppositione
1126 2037 1267 2082 qualem
1296 2037 1419 2071 volunt
1440 2036 1655 2072 Waddelins
1682 2041 1716 2072 et
1742 2035 1952 2081 Doeringius
1979 2035 2100 2076 latine,
2131 2035 2228 2080 quod

313 2108 445 2149 sciam,
492 2115 676 2150 nunquam
709 2106 800 2138 Ιιαιιιί
833 2115 897 2150 pro
935 2118 1001 2140 non
1033 2112 1249 2152 usurpatur,
1289 2106 1352 2141 sed
1376 2106 1574 2141 'dicendum
1610 2110 1686 2141 erat
1716 2107 1876 2150 imperat,
1913 2115 1980 2137 non
2003 2106 2128 2139 servit:
2165 2104 2228 2140 sed

313 2176 447 2221 quibus
489 2175 711 2222 argumentis
752 2175 967 2221 impugnant
1002 2177 1212 2221 interpretes
1252 2175 1351 2210 illam
1386 2175 1653 2220 conjecturam,
1700 2175 1746 2210 iis
1788 2174 1877 2219 ipsis
1910 2183 1949 2208 se
1987 2183 2031 2208 ne
2070 2174 2228 2209 sensisse

315 2245 461 2289 quidem
489 2244 707 2279 confitentur
734 2243 983 2279 difficultatem
1010 2255 1080 2289 qua
1108 2249 1290 2290 permotus
1320 2244 1534 2280 Waddelius
1559 2244 1597 2278 in
1624 2242 1753 2278 falsam
1778 2242 2021 2287 conjecturam
2045 2242 2224 2277 inciderit.

316 2314 404 2349 Nam
438 2315 637 2349 rectissime
670 2313 816 2357 quidem
851 2315 1030 2348 sexcentis
1057 2314 1145 2349 locis
1178 2314 1331 2358 pecunia
1359 2313 1493 2348 dicitur
1518 2318 1579 2348 aut
1603 2314 1781 2357 imperare
1810 2317 1871 2347 aut
1894 2312 2027 2347 servire
2054 2311 2164 2355 idque
2189 2312 2227 2346 in

315 2383 544 2427 proverbium
572 2381 755 2427 quoddam
783 2384 924 2418 venisse
949 2388 1099 2428 apparet
1133 2393 1176 2418 ex
1201 2383 1244 2418 iis
1276 2382 1365 2417 locis
1394 2391 1486 2427 quos
1515 2381 1618 2417 affert
1644 2379 1875 2417 Schmidius:
1912 2385 1949 2417 at-
1980 2380 2089 2415 totius
2115 2381 2228 2415 nostri

315 2452 387 2486 loci
434 2460 573 2486 summa
621 2455 784 2486 versatur
826 2452 862 2485 in
910 2461 952 2486 eo
1001 2457 1039 2486 ut
1084 2461 1294 2486 revocemur
1335 2451 1380 2485 ab
1426 2450 1637 2494 appetendis
1675 2450 1807 2486 divitiis
1846 2450 1981 2494 quippe
2019 2458 2099 2493 quae
2138 2449 2227 2484 nibil

315 2522 520 2567 pertineant
545 2519 590 2555 ad
616 2521 721 2556 vitam
746 2521 904 2556 beatam.
972 2519 1096 2565 Quare
1123 2519 1307 2562 Horatius,
1348 2529 1392 2554 ne
1424 2528 1545 2554 secum
1572 2520 1650 2566 ipse
1681 2523 1879 2567 pugnaret,
1919 2519 1948 2554 si
1979 2526 2051 2552 non
2076 2518 2226 2563 imperat,

317 2602 383 2624 non
414 2592 532 2634 servit,
569 2595 687 2625 tamen
726 2592 825 2624 servit
854 2596 914 2624 aut
944 2592 1084 2635 imperat
1119 2590 1237 2624 (licere
1275 2588 1438 2624 debebat.
1502 2588 1592 2625 Nam
1634 2598 1744 2634 quum
1784 2588 2002 2633 disjunctius
2033 2587 2227 2632 loquimur,

317 2661 497 2706 posterius
522 2660 722 2696 membrum
750 2660 816 2695 hoc
844 2670 923 2696 esse
950 2659 1073 2703 debet,
1115 2660 1170 2695 cui
1201 2658 1375 2704 majorem
1400 2657 1566 2695 addimus
1594 2660 1690 2696 vim:
1730 2662 1854 2694 nostro
1891 2661 2008 2692 autem
2035 2656 2117 2693 loco
2145 2657 2226 2702 quis

316 2729 454 2765 dubitet
481 2730 569 2775 quin
595 2730 713 2765 omnis
741 2730 793 2764 vis
819 2730 935 2774 posita
962 2731 1008 2764 sit
1032 2730 1069 2764 in
1097 2728 1271 2763 vocabulo
1298 2728 1514 2773 imperandi?
1566 2726 1677 2772 Quod
1703 2728 1768 2774 Ep.
1797 2727 1843 2767 ll,
1872 2725 1918 2763 62
1943 2726 2075 2772 legitur

744 2799 914 2836 Animum
937 2811 1047 2847 rege:
1086 2801 1147 2845 qui
1173 2800 1241 2836 nisi
1269 2804 1385 2845 paret,
1420 2800 1572 2845 imperat
