2585 3173
1138 188 1382 275 aa&

307 376 429 407 autem
466 370 602 408 fuerint
633 380 785 408 numero
812 371 908 406 circa
941 370 1062 407 sorum
1089 371 1190 416 sani,
1226 379 1451 417 quamquam
1474 379 1547 407 non
1575 379 1643 416 pro
1666 374 1765 406 certo
1784 368 2232 419 explorabant-zbnbemus,

306 446 391 485 post
423 438 705 476 Tb..Sclimidii
733 444 854 475 tamen
887 449 994 475 curas
1031 433 1221 485 probabile
1250 444 1308 476 est
1340 438 1472 475 tuisse:
1492 443 1591 475 tres:
1627 439 1799 486 ii-‹igitur
1819 436 1955 474 'noum
1982 437 2233 485 tocoesignifl-

305 513 446 545 cantur.
500 508 590 544 Nam
614 507 714 553 quod
738 509 876 553 saepius
902 507 1126 544 feneratores
1149 507 1295 553 quidem
1313 508 1366 544 ‘ed
1395 507 1560 544 medion
1582 511 1729 544 tantum
1746 506 2073 545 ‹lenum-dicuntur
2092 506 2233 550 sedem,

304 577 476 613 Horatius
509 587 583 612 non
615 576 661 612 de
693 576 750 612 his
786 575 897 618 solis,
936 575 1001 612 sed
1033 575 1078 611 de
1107 576 1373 612 mercatoribus
1391 574 1568 621 -mijusvis
1596 576 1949 623 generis-loquiturs
1980 574 2138 620 ·-1taque
2160 574 2234 611 hoc

305 646 409 682 dicit:
438 645 518 680 Tres
541 645 638 688 Iani,
662 647 750 679 imus
771 649 801 678 ee
824 646 952 678 medius
974 651 1005 679 et
1027 656 1195 688 summus,
1217 637 1399 690 prodocet&
1421 644 1696 694 nmio-slaha:
1720 646 1874 679 redeunt
1898 650 2055 690 tanqu-m
2076 644 2235 689 discipata·

300 715 438 758 juvenes
459 725 610 760 senesque
633 719 841 749 mercatores.
2094 722 2098 727 ⁴

498 782 631 817 Fusius
658 782 726 817 hoc
752 781 798 817 de
819 783 900 818 loco
924 782 1209 828 disputavimus,
1239 784 1414 828 quoniam
1441 787 1526 827 post
1548 782 1704 827 Bentleii
1728 790 1892 818 errorem
1915 791 2044 818 omnes
2075 781 2233 817 editores

306 862 388 888 cum
412 845 593 888 anxietate
620 850 778 896 quadam
803 853 1068 888 accuratiorem
1087 852 1236 889 illorum
1261 852 1456 888 verborum
1481 851 1816 898 interpretationem
1833 850 2055 888 vitaverunt:
2082 849 2141 886 Tu
2164 857 2233 895 pro

303 921 393 955 Jano
419 920 544 956 dixisti
571 920 663 954 berse
697 924 731 955 et
758 929 802 955 ne
826 918 1036 957 Schmidius
1059 921 1207 966 quidem
1230 926 1351 957 utrum
1376 930 1458 957 cum
1487 920 1654 966 Bentlejo
1681 919 1791 957 faciat
1821 929 1955 964 necne,
1979 930 2025 956 ex
2049 919 2233 956 uberrima

307 991 386 1034 ejus
418 990 463 1025 ad
499 990 597 1024 hunc
630 989 753 1023 locum
788 991 1024 1025 annotatione
1054 991 1143 1025 satis
1174 995 1338 1035 apparet.
1368 1017 1370 1019 .
1403 988 1639 1035 Quamquam
1663 989 1905 1035 Tuquidem,
1929 989 1989 1024 vir*
2009 988 2233 1031 doctissime,

307 1068 381 1095 non
420 1058 542 1094 minus
576 1066 794 1102 persuasum
826 1057 937 1093 babes
971 1067 1080 1103 quam
1120 1067 1210 1106 ego,
1247 1058 1553 1095 Horatium-esse
1589 1058 1758 1095 acerrimi
1788 1057 1936 1103 judicii,
1973 1061 2032 1102 ut,
2068 1057 2234 1103 quamvis

307 1128 437 1163 audaci
464 1136 729 1171 nonnunquam
757 1131 880 1162 utatur
912 1128 1173 1172 translatione,
1209 1138 1356 1173 semper
1379 1133 1499 1164 tamen
1525 1128 1847 1172 concinnantque
1881 1132 1964 1172 apte
1994 1127 2235 1171 dicat-neque

310 1205 471 1242 unquam
498 1195 742 1242 repugnantia
768 1195 803 1230 in
833 1205 947 1231 unum
973 1195 1186 1233 contundat.

503 1264 646 1300 Leviter
670 1265 782 1311 igitur
807 1265 969 1311 tetigisse
995 1266 1083 1301 satis
1107 1266 1177 1302 erit
1199 1266 1353 1303 alterum
1377 1267 1512 1310 locum,
1538 1275 1611 1312 quo
1632 1264 1727 1302 idem
1746 1265 1803 1301 'ru
1824 1266 1952 1302 miram
1973 1264 2235 1304 sententiarum

308 1328 562 1370 confusionem
583 1333 780 1370 obtrudere
803 1333 936 1370 videris
959 1333 1123 1371 Horatio.
1162 1334 1253 1372 Nam
1273 1335 1440 1382 ejusdem
1461 1337 1568 1381 epist.
1591 1335 1617 1371 1.
1645 1345 1677 1371 v.
1698 1333 1746 1371 50
1763 1346 1885 1380 magna
1905 1333 2063 1381 Olympia
2089 1335 2142 1370 vis
2161 1343 2235 1369 uon

308 1413 464 1439 coronas
489 1402 675 1449 Olympiae
702 1407 905 1449 reportatas
935 1403 1026 1448 dici,
1059 1403 1124 1440 sed
1147 1405 1289 1441 virtutis
1314 1406 1465 1450 praemia
1490 1414 1573 1450 qnae
1595 1404 1739 1450 Jupiter
1766 1405 1927 1449 optimus
1953 1405 2132 1440 maximus
2158 1404 2236 1439 viro

307 1473 405 1508 bono
431 1481 473 1507 ac
496 1473 653 1517 sapienti
679 1472 868 1509 concedat.
922 1471 1067 1509 Scilicet
1093 1472 1149 1508 Tu
1173 1474 1357 1509 hominem
1385 1474 1524 1510 circum
1546 1482 1664 1520 pagos
1690 1482 1894 1519 pugnacem
1928 1474 2091 1521 cogitare
2115 1473 2167 1508 vis
2192 1471 2237 1507 de

309 1542 470 1587 praemiis
497 1542 653 1577 virtutis.
719 1544 766 1577 At
797 1541 885 1586 quid
923 1542 988 1578 tali
1017 1542 1157 1578 homini
1189 1542 1381 1579 intercedit
1411 1550 1604 1579 commune
1636 1551 1720 1578 cum
1750 1540 1915 1579 virtute?
1963 1541 2092 1578 Nonne
2124 1541 2237 1577 sentis

311 1614 480 1654 poetam,
503 1610 569 1654 qui
595 1610 707 1645 semel
735 1620 823 1646 usus
849 1611 896 1646 sit
921 1611 1159 1647 similitudine
1181 1612 1323 1648 athletae
1349 1612 1486 1647 circum
1510 1612 1666 1657 compita
1687 1611 1887 1658 pugnacis,
1916 1620 1990 1646 non
2016 1620 2126 1656 posse
2151 1611 2237 1654 quin

310 1679 355 1714 de
381 1680 476 1715 veris
500 1688 572 1714 non
601 1679 743 1714 virtutis
774 1679 838 1715 sed
867 1681 996 1716 virium
1028 1685 1063 1716 et
1083 1680 1255 1727 agilitatis
1280 1681 1441 1725 praemiis
1464 1677 1627 1728 cogitet?
1652 1699 1699 1707 ·-
1717 1666 1776 1716 'At
1801 1678 1996 1716 discrimen
2023 1678 2122 1725 quod
2145 1680 2239 1715 inter

310 1756 444 1794 magna
458 1751 492 1783 et
505 1756 616 1791 parva
633 1746 805 1792 Olympia
825 1748 1075 1791 intercederet,
1090 1750 1158 1784 etsi
1178 1753 1325 1784 noverat
1339 1748 1524 1792 Horatius,
1542 1748 1634 1793 quid
1648 1749 1823 1784 attinebat
1839 1748 1909 1783 hoc
1928 1748 2009 1783 loco
2027 1748 2206 1793 attingere
2218 1746 2237 1780 P

309 1835 356 1843 -
371 1815 475 1850 Esto:
493 1814 557 1851 sed
572 1825 706 1862 magna
726 1815 899 1862 Olympia
914 1818 1090 1862 opposuit
1108 1818 1228 1863 parvis
1248 1817 1322 1854 illis
1337 1817 1498 1863 praemiis
1513 1819 1650 1854 circum
1669 1827 1786 1865 pagos
1800 1821 1836 1853 et
1855 1816 2013 1862 compita
2028 1816 2235 1861 reportatis.

308 1884 361 1919 De
389 1884 540 1919 victoria
571 1888 691 1919 autem
719 1882 900 1930 Olympiae
933 1885 1015 1921 sine
1051 1886 1201 1932 pulvere
1232 1890 1336 1931 parta
1368 1886 1445 1931 Jam
1476 1884 1685 1922 Schmidius
1713 1890 1786 1922 tam
1820 1885 2025 1921 luculenter
2057 1885 2237 1930 exposuit,

312 1958 350 1988 ut
372 1962 527 1998 prorsus
547 1962 621 1988 non
646 1952 848 2000 intelligam
874 1954 1060 1999 quomodo
1084 1955 1191 1991 talem
1218 1955 1406 1991 victoriam
1432 1954 1561 1990 referri
1587 1964 1697 2000 posse
1721 1964 1846 2002 neges.

509 2020 581 2058 Sed
607 2022 730 2058 missis
756 2022 812 2059 his
838 2024 958 2068 parvis
986 2024 1174 2061 erroribus
1209 2024 1396 2061 veniamus
1430 2023 1476 2060 ad
1511 2025 1621 2061 totius
1651 2024 1762 2070 hujus
1792 2024 1958 2071 epistolae
1983 2023 2106 2060 locum
2129 2022 2238 2070 longe

311 2090 568 2126 difficillimum
591 2101 622 2126 v.
648 2090 722 2127 6⁰:

1277 2162 1342 2199 Hic
1368 2172 1495 2199 murus
1519 2162 1679 2200 aheneus
1702 2168 1793 2210 esto,

748 2230 806 2267 Nil
832 2233 997 2268 conscire
1022 2233 1110 2281 sibi,
1135 2233 1234 2270 nulla
1261 2232 1462 2279 pallescere
1488 2232 1610 2279 culpa.

512 2298 633 2344 Quem
659 2300 808 2345 quidem
830 2301 953 2337 locum
977 2303 1042 2347 qui
1069 2304 1117 2338 ita
1157 2304 1458 2348 interpretantur,
1494 2307 1533 2337 ut
1557 2303 1666 2338 etiam
1692 2302 1802 2338 verba
1828 2311 1910 2347 quoe
1946 2300 2054 2337 modo
2085 2301 2241 2346 perscri-

313 2371 455 2415 psimus
482 2368 554 2405 dici
580 2380 600 2406 a
627 2370 752 2415 pueris
778 2370 990 2407 ludentibus
1015 2372 1231 2416 existiment,
1258 2381 1321 2408 eos
1344 2372 1521 2417 quoniam
1544 2370 1752 2407 discernere
1777 2378 1851 2407 non
1870 2379 1979 2417 posse
2005 2365 2239 2406 manifestum
2270 2378 2276 2382 ’

315 2443 369 2474 est
395 2437 483 2483 quid
514 2447 647 2481 pueros
677 2438 824 2489 deceat,
859 2439 950 2484 quid
981 2439 1243 2484 philosophos,
1280 2450 1324 2475 ne
1357 2438 1533 2475 audiendi
1559 2439 1706 2483 quidem
1728 2439 1908 2475 videntur.
1963 2437 2038 2482 Qui
2061 2447 2145 2472 vero
2171 2439 2243 2482 ipsi

311 2508 463 2544 Horatio
487 2506 576 2542 dant
602 2506 663 2541 illa
684 2508 791 2543 verba
818 2510 925 2553 quasi
951 2519 972 2544 a
996 2518 1193 2553 puerorum
1223 2510 1330 2544 nenia
1356 2507 1615 2555 progrediatur
1649 2508 1695 2544 ad
1719 2508 2039 2552 exclamationem,
2076 2506 2244 2542 laborant

313 2576 472 2622 primum
500 2574 567 2610 hac
597 2572 826 2621 difficultate,
862 2577 962 2623 quod
995 2576 1304 2623 prudentissimus
1335 2577 1492 2623 quisque
1525 2587 1598 2612 non
1626 2577 1834 2624 intelligit‚'
1856 2576 1944 2622 quid
1973 2576 2043 2612 sibi
2070 2575 2155 2612 velit
2176 2575 2244 2611 hoc

312 2646 394 2681 loco
419 2645 581 2686 aheneus
614 2653 766 2681 murus:
805 2657 886 2683 nam
916 2649 953 2683 in
980 2648 1024 2683 iis
1054 2656 1136 2693 quai
1167 2646 1387 2683 antecedunt
1420 2647 1509 2683 nihil
1535 2646 1678 2682 videtur
1707 2648 1831 2683 inesse
1861 2645 1960 2691 qnod
1987 2646 2167 2691 pertineat
2199 2644 2244 2680 ad

311 2725 390 2752 rem
425 2714 584 2751 arcendo
612 2719 749 2759 aptam.
816 2714 866 2750 Ac
893 2716 949 2751 Tu
977 2716 1124 2761 quidem
1158 2716 1252 2752 hanc
1286 2716 1535 2753 difficultatem
1560 2717 1612 2753 ita
1637 2715 1767 2755 tollere
1796 2715 1920 2752 studes
1945 2720 1984 2753 ut
2011 2715 2113 2751 dicas
2148 2715 2245 2750 huno

313 2794 394 2819 esse
428 2786 692 2837 sententiarum
720 2784 912 2821 ordinem:
955 2786 1100 2822 divitem
1129 2785 1275 2830 quidem
1297 2786 1480 2821 hominem
1509 2786 1579 2821 sibi
1605 2786 1747 2832 argenti
1774 2786 1912 2822 acervis
1941 2790 2113 2830 tanquam
2140 2794 2246 2821 muro
