2585 3173
334 358 529 403 scriptores
564 358 799 396 observatur:
834 360 881 396 sit
913 359 961 395 ita
990 356 1107 394 sane:
1153 358 1218 395 sed
1246 368 1327 395 cum
1354 370 1420 406 per
1446 369 1484 396 se
1511 363 1684 405 appareat
1709 357 1798 395 duas
1824 359 1904 396 illas
1930 359 2131 397 locutiones
2154 359 2245 398 adeo

332 430 427 463 inter
460 438 498 463 se
529 429 666 464 similes
703 439 783 465 esse
818 434 857 465 ut
889 428 1036 464 difficile
1066 429 1112 463 sit
1146 438 1271 464 earum
1306 430 1394 465 fines
1431 439 1503 464 non
1530 429 1775 472 confundere,
1814 434 1890 466 tum
1917 428 2044 466 Cicero
2070 430 2173 467 Verr.
2200 430 2244 473 V,

329 498 355 540 S
378 498 449 533 134
475 498 551 533 haec
577 497 709 533 habet:
748 497 832 533 Dico
855 504 915 532 aut
937 508 1045 531 omnes
1073 502 1172 531 extra
1196 499 1326 544 eulpam
1349 499 1468 544 fuisse,
1494 504 1570 542 aut,
1603 500 1635 533 si
1661 499 1720 533 um'
1744 499 1954 533 attribuenda
1986 499 2083 545 malpa
2113 501 2177 543 ait,
2209 499 2245 533 in

329 579 364 600 eo
389 569 574 600 mamimam
596 568 701 611 fuisse
709 593 720 609 ,
755 569 812 612 qui
835 569 994 613 optimam
1019 578 1151 610 ηαυεπι,
1175 568 1338 611 plurimos
1362 569 1653 611 nautaslhaberet,
1680 579 1841 602 summum
1865 569 2040 611 imperium
2061 569 2244 603 obtineret:

328 642 405 678 aut,
439 638 470 670 si
499 648 609 671 omnes
642 638 678 671 in
703 638 801 682 culpa
829 637 971 682 suerint,
1008 647 1074 669 non
1107 638 1291 680 oportuisse
1326 635 1526 672 Cleomenem
1550 638 1707 672 constitui
1735 641 1947 681 spectatorem
1969 637 2104 672 illorum
2125 640 2243 673 mortis

327 712 422 750 atque
447 708 628 741 cruciatus.
683 705 768 751 Quo
794 707 940 752 quidem
968 706 1049 741 loco
1076 704 1157 741 duae
1184 706 1254 741 illae
1282 706 1487 743 locutiones
1514 708 1563 743 ita
1588 708 1683 742 inter
1707 717 1746 742 se
1767 711 2019 752 permutantur
2037 712 2076 743 ut
2099 706 2241 743 duabus

326 775 402 811 fere
434 775 531 812 idem
565 777 766 825 significari
797 781 961 822 apertum
997 777 1055 812 sit.
1123 774 1216 821 Quae
1248 786 1360 822 quum
1391 777 1440 813 ita
1474 777 1565 821 sint,
1604 786 1678 813 non
1710 776 1947 813 dubitandum
1979 776 2120 813 videtur
2150 778 2239 823 quin

327 846 403 882 haec
426 848 473 882 sit
499 846 639 884 Horatii
665 848 880 884 sententiat»
898 846 988 881 Rure
1011 858 1065 892 eqo
1090 847 1267 889 viventem,
1293 852 1330 881 tu
1353 847 1438 882 dicis
1463 848 1501 882 in
1521 848 1602 882 urbe
1622 848 1775 883 beatum:
1801 849 1853 882 cui
1876 852 1986 882 autem
2008 848 2145 882 alterius
2169 858 2240 881 sora

323 918 446 960 placet,
486 928 547 950 sua
580 923 630 951 est
661 919 764 951 odio:
798 928 872 961 erqo
904 918 988 950 mihi
1017 917 1112 959 urbs,
1152 918 1214 950 tibi
1237 927 1295 950 rus
1318 922 1367 951 est
1392 918 1478 951 odio.
1530 916 1597 951 Sed
1620 918 1743 951 stultus
1767 923 1900 961 uterque
1922 928 2095 952 causamur
2121 917 2238 960 locum,

322 997 422 1030 quum
446 987 632 1031 culpandus
655 988 700 1020 sit
724 987 868 1030 animus,
895 988 1014 1030 quippe
1037 986 1109 1029 qui,
1134 986 1316 1030 ubieunque
1339 991 1406 1029 est,
1433 997 1467 1021 se
1492 988 1603 1031 ipsum
1628 997 1799 1032 ’tunquam
1823 985 1964 1033 effuqiat.

516 1054 608 1099 Quae
633 1055 779 1100 quidem
805 1058 969 1101 quamvis
995 1065 1061 1102 per
1088 1066 1127 1091 se
1153 1057 1348 1100 perspicua
1377 1061 1485 1100 atque
1514 1060 1641 1101 aperta
1671 1057 1764 1099 sint,
1801 1061 1919 1092 tamen
1945 1056 2129 1101 quomodo
2154 1066 2236 1093 cum

322 1127 366 1161 iis
399 1135 478 1170 quae
504 1130 709 1170 sequuntur
733 1125 957 1169 cohaereant,
988 1126 1019 1161 si
1044 1135 1116 1160 non
1143 1125 1273 1171 vulgus
1300 1126 1555 1170 interpretum,
1581 1130 1700 1161 tamen
1728 1135 1796 1173 ego
1822 1126 1961 1162 laboro.
2011 1126 2100 1163 Nam
2123 1131 2235 1172 qu‘um

320 1208 351 1231 v.
386 1196 489 1231 10—
508 1196 552 1230 13
588 1194 758 1230 Horatius
790 1196 838 1230 ita
874 1205 912 1230 se
947 1205 1027 1230 cum
1054 1195 1172 1230 villico
1204 1199 1388 1239 comparet
1415 1200 1455 1230 ut
1481 1199 1672 1239 utrumque
1697 1195 1856 1230 stultitiae
1889 1201 2038 1242 arguat,
2078 1197 2123 1232 iis
2153 1206 2235 1241 quae

318 1269 521 1311 sequuntur
552 1264 596 1299 ab
624 1264 875 1300 inconstantiae
909 1263 1060 1300 crimine
1094 1264 1142 1299 ita
1176 1273 1215 1300 se
1244 1262 1406 1299 defendit
1437 1268 1475 1299 ut
1499 1262 1587 1309 quid
1618 1263 1697 1310 ipse
1729 1263 1837 1301 distet
1868 1274 1888 1301 a
1916 1256 2036 1310 villico
2068 1264 2234 1311 pluribus

317 1337 469 1382 aperiat.
525 1333 607 1378 Qua
635 1345 679 1369 ex
706 1345 743 1369 re
769 1334 823 1369 illi
848 1334 1012 1378 quidem,
1035 1335 1097 1379 qui
1124 1344 1204 1369 cum
1230 1334 1459 1378 simplicitate
1485 1334 1640 1378 quadam
1666 1339 1774 1379 atque
1796 1334 2012 1370 confidentia
2038 1337 2233 1380 scriptores

316 1411 453 1442 veteres
488 1406 536 1441 ita
571 1406 802 1451 interpretari
842 1404 993 1448 audent,
1040 1409 1076 1440 ut
1118 1404 1208 1441 nihil
1246 1403 1371 1440 deesse
1414 1408 1584 1440 censeant
1626 1403 1735 1440 modo
1772 1405 1843 1450 ipsi
1881 1405 2053 1451 supplere
2092 1406 2234 1451 possint

314 1476 575 1511 sententiarum
614 1473 804 1521 ordinem,
842 1474 931 1509 nihil
969 1473 1089 1509 solent
1124 1474 1313 1510 laborare:
1353 1473 1416 1518 qui
1454 1473 1672 1518 simulatque
1708 1478 1832 1509 nostro
1864 1473 1945 1509 loco
1978 1484 2010 1509 v.
2048 1474 2094 1511 13
2126 1476 2232 1512 et14

311 1546 500 1590 Junxerint
532 1544 698 1580 addendo
729 1554 851 1579 secum
891 1545 983 1579 hanc
1021 1545 1262 1580 sententiam:
1294 1544 1369 1587 jam
1405 1554 1481 1577 vero
1514 1544 1594 1586 quid
1631 1555 1686 1587 eqo
1721 1555 1742 1577 a
1775 1549 1805 1577 to
1833 1544 1950 1578 distem
1980 1544 2077 1586 audi,
2109 1546 2230 1580 omnia

315 1619 486 1659 tanquam
511 1623 600 1649 sana
626 1617 731 1658 atque
755 1613 895 1660 integra
924 1612 1143 1658 relinquent.
1183 1612 1259 1659 Ego
1283 1621 1380 1658 vem,
1408 1612 1580 1658 quoniam
1606 1622 1638 1647 v.
1669 1612 1812 1649 10-—13
1838 1612 1977 1649 Horatii
2003 1623 2083 1649 cum
2109 1613 2228 1650 villico

314 1689 510 1720 concentus
538 1683 645 1718 rebus
670 1683 791 1727 potius
815 1693 923 1728 quam
950 1683 1068 1719 verbis
1098 1691 1293 1728 expressus
1317 1686 1382 1725 est,
1409 1683 1493 1717 item
1519 1692 1552 1717 v.
1575 1683 1714 1718 14——21
1736 1683 1814 1728 ejus
1837 1692 1858 1718 a
1878 1682 1995 1719 villico
2015 1682 2228 1728 differentia,

313 1764 385 1788 non
416 1754 578 1797 potuisse
613 1753 793 1787 contendo
827 1758 969 1797 poetam
1005 1754 1093 1796 quin
1127 1754 1204 1797 ipse
1230 1751 1379 1787 adderet
1402 1752 1463 1787 illa
1491 1752 1616 1794 verba,
1656 1762 1736 1797 quae
1763 1753 1807 1787 ab
1834 1754 2087 1798 interpretibus
2112 1758 2227 1789 trans-

310 1823 434 1859 itionis
471 1832 581 1859 causa
613 1823 725 1858 inseri
757 1822 887 1858 solent.
954 1820 1064 1867 Quod
1094 1821 1239 1868 quidem
1273 1821 1444 1867 quoniam
1476 1831 1495 1857 e
1527 1831 1638 1858 sensu
1668 1822 1851 1858 communi
1881 1821 2129 1860 aestimandum
2163 1829 2227 1868 est,

308 1894 556 1929 demonstrare
587 1903 660 1927 non
693 1902 906 1938 possumus,
946 1892 1009 1927 sed
1042 1898 1166 1927 nostro
1186 1893 1270 1936 Jure
1297 1891 1460 1926 videmur
1492 1902 1640 1937 poscere
1673 1897 1712 1927 ut
1748 1893 1956 1937 quicunque
1987 1893 2063 1927 haec
2098 1893 2228 1940 legerit

311 1965 502 2000 nobiscum
548 1962 667 1999 faciat.
734 1962 857 2008 ltaque
897 1961 1126 1999 statuendum
1164 1967 1218 1998 est
1253 1962 1348 1998 inter
1382 1972 1414 1997 v.
1460 1963 1504 1999 13
1542 1966 1577 1998 et
1615 1963 1662 1999 14
1699 1972 1810 1999 unum
1852 1963 1905 1999 vel
1944 1962 2066 2009 plures
2100 1973 2224 2001 versus

312 2033 513 2080 excidisse,
541 2043 622 2078 quae
648 2033 778 2069 lacuna
806 2033 988 2078 quomodo
1017 2032 1194 2079 explenda
1219 2033 1265 2067 sit
1292 2032 1414 2074 paullo
1442 2036 1524 2078 post
1547 2031 1761 2068 videbimus.
1800 2037 1835 2065 ο

498 2102 568 2139 Sed
592 2109 695 2138 antea
723 2103 803 2138 aliae
831 2102 996 2146 quaedam
1025 2102 1255 2137 difficultates
1283 2100 1516 2146 expediendae
1545 2107 1642 2137 sunt.
1695 2101 1785 2137 Nam
1813 2112 1844 2136 v.
1871 2102 2038 2138 26—30
2062 2102 2223 2139 nondum

304 2175 391 2209 satis
419 2173 463 2208 ab
497 2173 570 2208 ullo
604 2174 798 2219 interprete
831 2172 1029 2217 explicatos
1063 2182 1142 2208 esse
1177 2180 1390 2217 persuasum
1426 2169 1553 2206 habeo,
1616 2170 1826 2207 Rectissime
1866 2169 1921 2207 Tu
1959 2171 2104 2217 quidem
2145 2183 2223 2209 eam

306 2243 514 2286 opinionem
544 2243 694 2286 rejicere
718 2241 867 2281 videris,
906 2251 977 2285 qua
1002 2245 1148 2286 putatur
1174 2241 1232 2275 hic
1269 2249 1399 2275 sensus
1427 2240 1544 2275 verbis
1575 2240 1717 2275 inesse:
1757 2245 1788 2273 et
1821 2246 1929 2274 tamen
1954 2246 2004 2275 tot
2035 2252 2134 2286 opera
2161 2244 2223 2276 tibi

303 2313 470 2354 urquenda
496 2318 570 2344 sunt
595 2318 631 2344 ut
652 2313 690 2344 de
715 2312 938 2355 voluptatibus
963 2313 1038 2344 istis
1064 2312 1207 2355 coyiture
1229 2322 1297 2344 non
1322 2310 1459 2345 debeas:
1485 2310 1656 2346 abhorret
1683 2311 1776 2345 enim
1797 2311 1842 2346 ab
1864 2320 1904 2346 ea
1926 2312 2220 2357 interpretatione

304 2385 462 2415 veterum
500 2380 704 2415 humanitas
749 2381 883 2425 quippe
919 2390 1000 2424 quae
1042 2390 1085 2415 ne
1123 2389 1246 2415 servos
1284 2379 1431 2425 quidem
1468 2384 1520 2415 tot
1552 2379 1738 2415 laboribus
1773 2381 1887 2425 premi
1918 2380 2071 2416 voluerit
2102 2386 2140 2416 ut
2176 2380 2220 2417 de

301 2449 545 2494 voluptatibus
586 2450 747 2496 cogitare
783 2454 999 2483 vetarentur.
1059 2446 1167 2492 Quod
1205 2453 1323 2485 autem
1365 2449 1420 2484 Tu
1448 2459 1528 2484 cum
1568 2448 1749 2495 plerisque
1790 2450 1842 2485 sic
1879 2450 2039 2495 explicas
2074 2450 2217 2487 locum:

300 2521 386 2553 nihil
411 2520 508 2552 habes
534 2520 733 2561 voluptatis,
769 2525 798 2552 et
825 2524 952 2559 tamen,
983 2523 1020 2550 ut
1045 2520 1097 2551 ais
1122 2519 1211 2561 ipse,
1246 2519 1389 2551 nimium
1416 2519 1539 2553 laboris
1563 2520 1683 2562 quippe
1707 2521 1768 2563 quo·
1790 2520 1954 2552 rusticum
1975 2530 2058 2562 opus
2080 2531 2219 2564 urqueas

298 2595 328 2621 et
355 2590 464 2622 bovem
490 2590 591 2622 etiam
617 2589 818 2632 disjunctum
843 2598 946 2629 cures,
978 2586 1013 2622 id
1038 2591 1133 2621 recte
1155 2585 1376 2632 disputatum
1403 2597 1481 2622 esse
1508 2590 1725 2635 negaverim.
1779 2587 1868 2623 Nam
1892 2588 2047 2633 primum
2073 2588 2216 2633 quidem

297 2670 379 2692 arva
405 2670 540 2703 uryuere
567 2669 640 2694 non
671 2664 724 2694 est
744 2658 838 2694 idem
866 2657 964 2703 quod
991 2669 1074 2701 opus
1099 2659 1262 2692 rusticum
1284 2669 1429 2701 urquere.
1489 2657 1594 2694 Recte
1622 2658 1767 2703 quidem
1802 2658 1996 2694 Tibullus:
2033 2664 2064 2692 et
2095 2660 2214 2693 durum

298 2734 393 2761 terroe
415 2729 559 2762 rusticus
584 2734 701 2772 urquet
725 2739 808 2771 opus
833 2747 878 2753 -
903 2732 997 2763 recte
1025 2726 1223 2774 Virgilius:
1257 2731 1373 2760 vestem
1398 2737 1555 2771 vai-quere,
1585 2736 1666 2762 nam
1693 2728 1729 2762 in
1760 2727 1815 2763 his
1842 2727 2085 2763 locutionibus
2111 2726 2214 2763 facile

294 2799 508 2845 agnoscitur
541 2799 688 2845 propria
728 2798 825 2833 verbi
861 2798 1029 2842 torquendi
1061 2797 1137 2832 vis:
1178 2801 1232 2832 est
1264 2797 1358 2832 enim
1393 2802 1454 2833 aut
1484 2797 1614 2831 trudere
1641 2797 1771 2841 aliquid
1803 2807 1920 2841 mayno
1955 2799 2126 2833 molimine
2155 2803 2215 2833 ant
