2585 3173
1096 128 1337 212 2:⁸23&th

266 313 335 349 dici
364 315 527 358 poterat:
584 310 640 355 qui
658 314 755 354 paret
779 313 845 343 aut.
860 309 1018 354 imperat,
1044 318 1116 345 non
1144 314 1303 355 poterat:
1339 311 1397 355 qui
1416 310 1555 355 imperat
1579 314 1635 343 aut
1655 314 1762 354 paret.
1809 306 1956 344 Accedit
1981 308 2078 355 quod
2106 310 2168 355 qui

265 382 429 427 sequitur
454 387 578 415 versus
604 386 820 422 quocunque
847 377 953 412 modo
980 378 1087 413 verba
1111 378 1357 425 interpretaris
1383 379 1461 414 sine
1487 378 1598 413 dubio
1627 377 1822 424 significat:
1847 389 2041 424 quamquam
2065 379 2166 422 <liqna

267 453 381 497 potius
404 455 452 485 est
478 458 549 494 quw
573 448 695 481 serviat
722 457 817 490 quam
842 458 912 490 quae
932 449 1075 492 imperet.
1116 446 1223 492 Atqui
1247 448 1377 492 sentis,
1415 449 1567 493 opinor,
1602 448 1697 483 bunc
1723 457 1863 482 versum
1890 457 1961 483 non
1987 447 2167 493 quadrare

267 521 312 557 ad
347 520 537 557 lectionem
568 516 749 563 vulgatam
779 517 920 562 imperat
946 520 1006 551 aut
1040 518 1166 551 sen-it:
1200 517 1259 553 cui
1293 516 1475 563 eleganter
1509 523 1543 553 et
1577 517 1751 553 concinne
1783 516 2005 561 subjicienda
2040 516 2168 552 fuisset

267 590 343 625 haec
389 586 589 624 sententia:
644 595 838 630 quamquam
878 586 977 630 diqna
1022 591 1070 619 est
1111 596 1181 630 quae
1220 589 1392 633 «semper
1423 589 1553 622 ,sm-iia.
1630 585 1754 630 Itaque
1788 595 1860 620 non
1893 595 2039 630 possum
2065 568 2163 629 'quin

268 658 499 694 Waddelium
535 664 603 690 suo
638 655 720 699 jure
756 656 793 690 in
836 655 989 690 lectione
1031 656 1172 702 vulgata
1214 657 1409 693 offendisse
1450 657 1674 692 existimem:
1719 665 1865 691 sensum
1905 660 2020 690 autem
2059 665 2163 699 quem

271 727 420 772 requirit
445 724 670 760 enucleatum
696 723 924 767 habebimus,
951 724 982 759 si
1004 723 1188 760 Horatium
1212 726 1441 762 statuerimus
1469 727 1519 761 sic
1548 725 1761 770 scripsisse:

699 792 854 837 Imperat
874 811 919 818 —
946 803 991 827 an
1018 792 1155 828 servit‘.P
1183 814 1228 819 —
1262 795 1411 829 collecta
1438 796 1588 839 pecunia
1615 795 1757 837 cuique.

271 863 379 911 Quod
405 864 436 900 si
466 871 589 898 verum
615 866 684 903 est,
717 861 762 897 ad
790 861 1000 897 firmandam
1025 863 1141 899 thesin
1176 874 1282 909 quam
1314 864 1505 910 proposuit
1535 864 1701 898 collectam
1725 863 1897 908 pamniam
1922 864 2081 907 imperare
2104 874 2167 909 per

270 934 496 980 enthymema
535 930 636 966 addit
667 931 1075 977 interrogatiunculam:
1115 943 1158 965 an
1188 933 1319 966 servit?
1367 932 1539 977 Exempla
1567 932 1680 981 ubivis
1709 932 1746 966 in
1773 936 1916 977 promtu
1938 938 2044 966 sunt:
2080 933 2166 966 satis

271 1005 338 1040 erit
362 1002 525 1038 attulisse
550 1000 664 1046 Epod.
691 1000 752 1043 VI,
785 1001 842 1036 15.
895 999 969 1036 Sat.
993 1001 1019 1047 1,
1055 1004 1093 1045 1,
1132 1004 1190 1039 76.
1240 1005 1282 1048 2,
1322 1003 1380 1039 59.
1433 1004 1515 1039 103.
1569 1002 1633 1045 10,
1673 1004 1731 1037 74.
1781 1002 1831 1048 Il,
1870 1003 1912 1046 3,
1949 1003 2032 1037 278.
2081 1002 2165 1037 312.

275 1070 468 1116 Quomodo
494 1074 612 1106 autem
636 1069 738 1105 locus
764 1070 811 1104 sit
833 1074 1038 1115 corruptus,
1066 1070 1293 1106 manifestum
1318 1070 1473 1106 videtur:
1494 1071 1663 1106 nimirum
1689 1070 1827 1105 librarii
1853 1070 1889 1104 in
1915 1070 2166 1105 enunciatione

271 1121 506 1186 disjunctiva,¹
521 1149 627 1183 quam
651 1138 720 1174 hoc
744 1148 849 1174 versu
875 1140 1052 1175 contineri
1078 1145 1255 1185 putarent,
1280 1141 1463 1185 particulae
1485 1152 1528 1173 an
1554 1140 1735 1186 negabant
1757 1149 1836 1174 esse
1858 1139 1989 1173 locum.
2034 1137 2167 1173 Contra

271 1212 308 1245 in
341 1209 660 1255 interrogationem
686 1220 731 1242 an
756 1217 821 1253 pro
845 1213 902 1242 aut
927 1218 947 1244 a
980 1209 1139 1245 librariis
1175 1210 1349 1245 insertum
1381 1209 1519 1245 videtur
1551 1209 1616 1254 Ep.
1650 1208 1772 1252 XVIII,
1807 1209 1887 1244 102.
1947 1208 2033 1242 Nam
2071 1207 2165 1252 quod

270 1280 343 1316 illic
372 1279 506 1326 legitur

703 1347 801 1392 Quid
824 1358 913 1394 pure
939 1349 1167 1393 tranquillet,
1203 1349 1318 1385 bonos
1345 1360 1391 1385 an
1418 1349 1521 1385 dulce
1547 1348 1729 1395 lucellum,

696 1417 751 1453 An
776 1423 953 1454 secretum
980 1420 1048 1455 iter
1076 1424 1109 1455 et
1129 1419 1286 1455 fallentis
1309 1421 1435 1456 semita
1461 1421 1552 1462 vitae,

268 1488 343 1533 jam
370 1484 576 1522 Schmidius
604 1487 744 1522 monuit
774 1487 929 1523 alienam
961 1498 1040 1524 esse
1066 1489 1158 1524 hanc
1190 1488 1402 1525 divisionem
1435 1490 1647 1535 tripartitam
1674 1499 1694 1524 a
1721 1493 1834 1534 poetae
1859 1487 2033 1522 consilio:
2071 1485 2167 1530 quod

270 1561 388 1592 autem
411 1556 488 1600 ipse
518 1565 599 1589 cum
626 1555 849 1592 dubitatione
875 1557 996 1601 aliqua
1022 1558 1217 1603 legendum
1244 1560 1414 1603 proponit
1447 1559 1545 1591 honos
1577 1560 1633 1588 ac
1664 1559 1752 1591 dulce
1787 1558 1952 1598 lucellum,
1996 1556 2168 1599 quoniam

271 1626 386 1662 honos
413 1630 447 1661 et
474 1624 646 1660 lucellum
678 1625 773 1661 inter
803 1636 842 1662 se
873 1626 1117 1663 dirersissima
1147 1632 1251 1674 sunt,
1288 1638 1368 1673 quae
1399 1628 1517 1664 minus
1553 1632 1633 1674 apte
1664 1626 1839 1673 particula
1873 1636 1911 1659 ac
1942 1624 2168 1670 copulentur,

271 1693 438 1739 equidem
460 1702 532 1727 non
555 1693 680 1728 dubito
705 1695 868 1739 rejicere.
919 1694 1154 1730 Scribendum
1177 1696 1318 1731 videtur

701 1762 799 1807 Quid
827 1775 915 1810 pure
942 1767 1169 1811 tranquillet:
1200 1768 1316 1802 honos
1343 1772 1400 1801 aut
1425 1767 1528 1803 dulce
1555 1767 1739 1808 lucellum,

697 1831 752 1869 An
776 1839 952 1870 secretum
975 1835 1043 1871 iter
1067 1839 1101 1870 et
1125 1834 1150 1870 f.
1178 1845 1208 1871 s.
1236 1836 1327 1871 vitae.

272 1903 374 1939 Hunc
414 1904 509 1938 enim
546 1913 692 1939 sensum
729 1905 971 1948 requirimus:
1015 1905 1093 1940 Non
1128 1907 1229 1939 honos
1274 1912 1334 1939 aut
1369 1907 1461 1939 dulce
1498 1907 1666 1949 lucellum,
1707 1907 1763 1939 aed
1807 1911 1961 1939 secretum
1997 1907 2060 1937 iter
2093 1914 2171 1947 pure

272 1974 475 2018 tranquillat.
513 1993 559 2000 -
597 1972 667 2010 Sed
697 1978 735 2009 ut
764 1972 908 2010 redeam
940 1973 984 2010 ad
1011 1980 1174 2011 nostrum
1203 1976 1321 2011 locum
1353 1976 1500 2012 verbum
1533 1975 1579 2012 de
1613 1980 1707 2011 torto
1740 1975 1801 2010 illo
1833 1975 1877 2010 ab
1916 1973 2167 2019 interpretibus

272 2041 358 2077 sune
395 2042 536 2078 faciam.
601 2041 686 2087 Quo
719 2043 816 2088 quod
855 2044 958 2079 multi
997 2045 1195 2080 remulcum
1229 2045 1425 2093 significari
1459 2050 1602 2091 putant,
1640 2055 1767 2081 vereor
1802 2055 1844 2080 ne
1882 2044 2072 2079 ridiculum
2110 2043 2167 2083 sit,

271 2113 439 2156 quoniam
464 2111 561 2157 quod
593 2112 701 2148 trahit
723 2122 867 2156 navem,
907 2112 943 2148 id
975 2114 1093 2159 ipsum
1127 2115 1207 2150 navi
1233 2115 1359 2158 servit,
1398 2124 1470 2150 non
1500 2115 1663 2160 imperat.
1729 2114 1784 2149 Tu
1815 2113 1958 2158 quidem
1987 2112 2029 2146 de
2055 2112 2165 2146 bestia

271 2180 424 2225 quadam
443 2182 602 2228 cogitare
621 2182 732 2217 mavis
753 2191 861 2226 quam
883 2182 991 2217 homo
1011 2182 1097 2219 sune
1116 2183 1299 2231 alligatam
1321 2184 1444 2220 ducat:
1464 2189 1500 2219 at
1520 2186 1549 2220 si
1571 2184 1606 2219 id
1632 2185 1742 2219 voluit
1756 2188 1872 2229 poeta,
1888 2187 1923 2216 ut
1941 2181 2166 2215 obscuritatis

268 2250 392 2285 vitium
417 2249 571 2297 fugeret,
599 2252 676 2287 ursi
704 2256 738 2287 et
762 2251 923 2287 ductoris
947 2252 1105 2296 aliquam
1132 2255 1345 2289 mentionem
1373 2252 1489 2289 facere
1512 2253 1674 2288 debebat.
1724 2253 1810 2287 Mihi
1838 2261 1918 2286 vero
1946 2250 2166 2294 comparanti

270 2316 480 2355 persianum
506 2318 596 2355 illud
619 2319 677 2363 (V,
704 2319 786 2360 118)
818 2320 929 2364 funem
960 2322 1075 2356 reduco
1102 2322 1126 2357 i.
1152 2332 1183 2358 e.
1214 2323 1299 2367 quod
1325 2327 1422 2356 antea
1454 2324 1514 2356 tibi
1547 2324 1685 2356 concessi
1709 2326 1867 2362 retracto,
1908 2329 1984 2363 quae
2020 2317 2164 2362 quidem

268 2387 401 2422 locutio
427 2387 533 2423 ducta
559 2388 698 2423 videtur
722 2388 765 2423 de
791 2388 895 2432 fune,
932 2399 1038 2434 quem
1069 2392 1171 2436 pueri
1194 2393 1231 2426 in
1257 2392 1437 2427 diversum
1471 2391 1649 2427 trabentes
1677 2390 1781 2425 modo
1809 2388 2033 2423 remittebant
2057 2386 2165 2421 modo

269 2454 507 2501 reducebant,
551 2458 609 2493 vix
639 2456 787 2493 dubium
821 2463 874 2494 est
904 2459 991 2503 quin
1019 2459 1164 2496 Persius
1198 2470 1278 2496 cum
1313 2460 1402 2496 alias
1435 2460 1628 2506 permultas
1663 2464 1735 2494 tum
1771 2457 1861 2492 lianc
1897 2456 2169 2492 translationem

270 2523 399 2559 debeat
427 2524 591 2569 Horatio,
630 2532 668 2562 ut
699 2532 824 2563 nostro
857 2537 1002 2572 quoque
1029 2530 1107 2565 loco
1139 2530 1183 2565 de
1208 2540 1403 2576 puerorum
1430 2530 1492 2564 illo
1518 2529 1603 2564 ludo
1628 2526 1857 2573 cogitandum
1882 2527 1938 2560 sit.
1986 2525 2029 2560 Et
2056 2536 2167 2570 quum

270 2591 440 2629 Horatius
475 2596 608 2642 saepius
642 2594 849 2634 Graecorum
892 2596 999 2634 ludos
1042 2599 1198 2645 pueriles
1236 2600 1406 2647 attingat,
1451 2598 1506 2633 hic
1547 2602 1665 2633 autem
1708 2595 1835 2643 ludus,
1876 2605 1981 2641 quem
2026 2595 2169 2641 quidem

270 2662 360 2696 Poll.
383 2662 441 2705 IX,
468 2663 537 2699 112
561 2665 827 2702 διελκυστίνόα
853 2671 964 2708 vocat,
986 2667 1022 2701 id
1048 2669 1235 2712 proprium
1256 2668 1420 2702 habuerit
1444 2672 1479 2701 ut
1502 2666 1623 2701 sunem
1647 2671 1777 2700 tortum
1797 2667 1821 2699 i.
1843 2675 1874 2699 e.
1895 2667 1982 2700 satis
2008 2675 2170 2700 crassum

270 2732 372 2778 pueri
399 2733 435 2769 in
462 2732 642 2773 diversum
669 2738 851 2775 traherent
874 2737 988 2774 donec
1015 2737 1176 2774 alterutri
1203 2737 1407 2784 superando
1436 2741 1571 2773 certum
1598 2734 1777 2782 quendam
1804 2735 1910 2772 finem
1934 2736 2172 2779 vincerentur,
