2585 3173
1211 145 1271 188 21

1131 200 1374 232 :mmm

303 342 446 378 premere
470 339 587 375 maqno
610 327 761 373 pondere.
819 322 931 374 Opus,
949 323 1106 365 truditur
1128 328 1175 365 ad
1197 328 1475 376 perfectionem,
1512 338 1600 376 ager
1625 337 1698 365 non
1723 329 1820 365 item.
1874 327 1985 373 Quod
2012 333 2129 364 autem
2160 326 2214 362 Tu

308 406 460 447 propter·
477 400 573 436 hune
598 406 708 433 uuum
731 397 854 433 locum
876 397 1004 433 statuis
1029 397 1102 433 duo
1129 408 1209 434 esse
1238 399 1346 434 verba
1368 400 1539 442 urquendi,
1563 399 1715 433 alterum
1736 398 1780 433 ab
1807 397 1964 445 ἐέργειν,
1992 399 2143 433 alterum
2171 398 2216 432 ab

304 470 551 519 ἐργάζεσθαι·
579 465 754 510 ductum,
791 470 826 502 et
855 465 923 503 boc
948 466 1100 504 alterum
1126 467 1272 513 quidem
1300 472 1423 504 nostro
1450 468 1530 503 loco
1558 467 1867 513 interpretandum
1894 478 1990 512 esse,
2026 467 2062 503 id
2090 476 2215 503 vereor

305 550 350 576 ue
386 538 560 576 audacius
597 544 706 580 quam
734 536 864 572 <verius
900 537 1084 573 inventum
1119 538 1188 573 sit:
1226 546 1405 582 nusquam
1441 538 1598 583 reperies
1623 548 1739 581 aqrwm
1768 541 1829 572 aut
1858 541 1979 571 terram
2008 539 2141 581 urqum'
2176 541 2215 571 ut

305 606 532 654 interpretari
565 614 713 641 necesse
741 605 789 641 sit
815 606 948 641 assiduo
972 606 1050 641 coli.
1085 626 1130 633 —
1168 606 1308 642 Deinde
1344 606 1469 642 bovem
1499 607 1718 652 disjunctum
1746 616 1871 642 curare
1898 611 1931 642 et
1957 609 2089 643 strictis
2113 606 2214 642 frou·

306 678 413 720 dibus
434 675 578 721 explere
602 673 765 720 profecto
791 680 865 710 nou
888 679 966 710 erat
983 676 1106 722 magni
1132 675 1293 712 laboris:
1323 676 1427 721 cujus
1455 677 1487 712 si
1516 676 1690 712 voluisset
1710 680 1815 721 poeta
1842 678 2059 712 mentionem
2080 675 2212 719 facere,

305 748 352 785 de
387 747 667 784 bovem-atrum
707 743 869 781 trahente
907 744 1070 782 dixisset.
1137 745 1257 783 Multae
1296 747 1403 783 molis
1441 746 1597 792 denique
1639 746 1695 782 Tu
1731 747 1808 792 ipse
1850 747 2046 781 rectissime
2086 756 2213 782 mones

304 816 509 866 Digentiam
546 814 701 851 rivulum
742 824 814 850 non
846 814 1071 862 indiguisse:
1109 815 1171 852 sed
1211 817 1307 862 quod
1341 818 1451 851 multa
1488 817 1572 851 mole
1608 817 1786 851 docendum
1826 817 2072 862 interpretaris
2111 817 2214 850 multo

305 889 414 923 laboro
441 885 670 926 coercendum,
703 886 832 919 iterum
857 894 931 921 nou
957 885 1045 921 satis
1071 884 1268 921 observasti
1294 887 1478 932 propriam
1512 887 1611 921 verbi
1646 886 1744 919 molis
1771 887 1865 921 vim:
1902 891 1955 921 est
1978 881 2070 921 enim
2098 896 2213 930 neque

305 958 409 994 labor
429 964 545 999 neque
573 955 648 998 vis,
669 953 734 989 sed
760 963 932 1001 magnum
961 953 1102 999 aliquid
1131 959 1165 991 et
1188 956 1317 1002 ingens
1345 956 1442 1001 quod
1469 957 1579 992 levari
1607 955 1752 1001 quidem
1781 965 1853 991 non
1883 956 1999 1001 possit
2025 957 2092 990 nisi
2116 957 2213 991 omni

305 1027 429 1063 labore
457 1029 492 1060 et
523 1024 680 1070 egregiis
712 1024 871 1060 viribus:
908 1033 1088 1069 nusquam
1118 1024 1215 1070 apud
1248 1025 1363 1061 bonos
1399 1026 1605 1071 scriptores*
1627 1024 1761 1061 dictum
1799 1030 1852 1060 est
1884 1025 1992 1058 multa
2027 1025 2108 1058 mole
2142 1034 2206 1069 pro

303 1096 406 1131 multo
428 1094 546 1129 labore.
603 1092 691 1128 Nam
717 1092 815 1137 quod
840 1092 1015 1140 Virgilius
1041 1094 1091 1131 ait

730 1166 836 1198 tantae
858 1162 972 1198 molis>
990 1167 1067 1198 erat
1092 1162 1289 1199 Romanam
1313 1163 1469 1199 condere
1496 1169 1650 1210 gentem,

306 1243 378 1274 non
399 1231 487 1270 dicit
507 1236 599 1267 tanto
626 1232 734 1268 laboro
750 1232 875 1266 stetisse
887 1231 1000 1267 Roma·
1016 1232 1115 1267 initia
1128 1231 1191 1270 sed
1213 1243 1282 1268 rem
1297 1234 1396 1279 quasi
1414 1234 1556 1268 maximi
1571 1234 1724 1278 ponderis
1740 1234 1842 1278 fuisse
1859 1238 1948 1267 motu
1968 1233 2211 1279 difficillimam.

495 1303 616 1348 ltaque
645 1303 750 1338 nobis
776 1302 846 1337 alia
872 1303 1132 1348 interpretandi
1158 1304 1267 1339 totius
1293 1304 1364 1339 loci
1387 1304 1442 1339 via
1468 1303 1707 1350 ingredienda
1729 1307 1793 1338 est.
1847 1302 1889 1338 Et
1916 1313 1982 1350 ego
2009 1303 2153 1348 quidem
2177 1304 2212 1339 in

306 1385 337 1411 v.
370 1374 541 1412 26—30
571 1374 666 1420 pigri
699 1373 807 1409 villici
842 1373 1048 1409 irrisionem
1080 1374 1200 1410 inesse
1231 1379 1340 1419 puto,
1380 1384 1452 1410 non
1479 1375 1643 1411 acerbam
1669 1374 1768 1409 illam
1795 1374 1959 1418 quidem,
1994 1374 2054 1408 sed
2084 1375 2212 1417 jocose

305 1449 410 1490 atque
437 1442 562 1479 festive
588 1442 778 1489 prolatam.
824 1440 977 1478 Orditur
1008 1447 1115 1488 poeta
1148 1444 1347 1479 orationem
1379 1453 1399 1478 a
1432 1444 1575 1479 verbis:
1601 1448 1633 1477 et
1658 1448 1786 1487 tamen,
1830 1448 1868 1477 ut
1893 1444 1944 1477 ais
1970 1444 2052 1488 ipse,
2082 1454 2211 1488 urgues,

305 1514 408 1558 quasi
433 1514 472 1548 in
499 1514 621 1549 auimo
656 1513 785 1548 habeat
808 1513 860 1547 sic
886 1522 1036 1558 pergere
1060 1513 1185 1557 loqui:
1221 1513 1357 1558 difficile
1386 1524 1465 1557 opus
1492 1519 1613 1546 terrae:
1650 1517 1722 1547 tum
1749 1522 1832 1547 vero
1861 1514 1898 1547 in
1930 1512 2050 1547 locum
2084 1521 2209 1546 eorum

306 1592 385 1628 quae
411 1592 455 1619 ex
485 1582 662 1618 sententia
684 1581 794 1618 villici
827 1581 977 1618 dicenda
1006 1587 1109 1617 erant
1139 1582 1258 1618 subito
1289 1582 1384 1629 sive,
1422 1587 1459 1617 ut
1486 1592 1602 1629 graece
1633 1582 1785 1626 dicitur,
1825 1579 2120 1628 ἆπροςόοκῆτως
2148 1591 2212 1616 sua

305 1653 419 1698 ipsius
444 1651 490 1688 de
514 1650 625 1688 villici
648 1651 819 1697 operibus
838 1651 1011 1697 opinione
1034 1651 1225 1688 substituta
1255 1652 1343 1688 nihil
1368 1651 1441 1688 sere
1469 1653 1500 1687 ei
1526 1651 1663 1688 laboris
1694 1662 1774 1688 esse
1800 1651 1898 1687 dicit.
1964 1651 2053 1688 Nam
2078 1664 2213 1697 uryuere

304 1733 406 1764 arva,
432 1723 465 1756 si
489 1721 576 1766 quid
601 1721 718 1767 video,
746 1721 836 1756 nihil
858 1720 957 1757 aliud
979 1726 1032 1756 est
1053 1721 1123 1756 nisi
1138 1722 1280 1766 pondere
1305 1723 1451 1767 corporis
1475 1727 1597 1755 terram
1618 1732 1764 1767 premere
1793 1722 1817 1756 i.
1848 1731 1879 1756 e.
1904 1732 2043 1766 prorsus
2070 1724 2211 1755 otiosum

303 1796 398 1838 atque
428 1791 596 1827 laboribus
629 1802 768 1826 vacuum
789 1792 825 1826 in
857 1802 935 1836 aqro
966 1791 1102 1826 versari.
1168 1789 1362 1838 Agnoscis,
1388 1791 1539 1837 opinor,
1581 1794 1767 1838 propriam
1801 1792 1899 1827 verbi
1925 1793 2085 1836 urquendi
2116 1793 2208 1828 vim:

304 1862 401 1907 quod
425 1867 545 1897 autem
572 1860 685 1896 facete
711 1870 753 1896 eo
780 1862 955 1897 vocabulo
980 1862 1091 1896 utitur
1111 1865 1218 1906 poeta
1244 1861 1288 1896 ad
1316 1861 1510 1897 notandam
1536 1862 1727 1908 inertiam,
1768 1863 1907 1897 etiamsi
1940 1861 2035 1906 apud
2072 1867 2207 1897 veteres

305 1932 421 1969 simile
462 1931 666 1977 exemplum
706 1931 948 1968 inveniremus
996 1931 1156 1976 nullum,
1201 1941 1273 1968 non
1321 1933 1441 1968 minus
1486 1933 1677 1977 probabile
1713 1933 1800 1968 mihi
1848 1937 1942 1968 esset
1989 1934 2211 1978 comparanti

304 2002 551 2049 germanicum
588 2001 679 2037 illud
714 2002 766 2036 die
799 2002 882 2036 bank
916 2001 1075 2044 dmcken,
1113 2000 1210 2046 quod
1246 2002 1367 2037 nescio
1403 2012 1447 2038 an
1480 2002 1660 2048 quispiam
1694 2002 1945 2049 ludimagister
1977 2012 2055 2037 cum
2081 2003 2207 2038 acerba

306 2071 492 2117 pigrorum
526 2071 789 2115 discipulorum
821 2071 990 2105 irrisione
1028 2070 1171 2105 dixerit.
1246 2071 1497 2106 Verumtamen
1535 2081 1615 2106 cum
1663 2070 1779 2106 Graeci
1820 2072 1953 2106 habent
1988 2071 2135 2112 similia,
2171 2076 2208 2104 ut

306 2139 532 2176 Homericum
558 2140 649 2176 illud
673 2137 798 2187 ἄχθος
825 2138 1008 2188 ἀρούρης,
1033 2144 1106 2175 tum
1134 2139 1261 2176 Cicero
1288 2142 1393 2186 epist.
1422 2140 1466 2176 ad
1492 2140 1577 2176 fam.
1601 2141 1660 2186 IX,
1688 2142 1733 2177 15
1752 2142 1829 2177 haec
1855 2141 2017 2176 exbibet:
2053 2140 2102 2174 Ne
2128 2142 2208 2173 mihi

304 2209 431 2254 quidem
460 2210 527 2254 ipsi
552 2214 631 2244 tunc
659 2211 810 2256 placebat
842 2211 968 2245 diutius
990 2210 1097 2246 abesse
1121 2209 1162 2243 ab
1185 2210 1235 2244 rei
1254 2210 1394 2255 publica
1429 2211 1591 2245 custodia.
1660 2209 1856 2245 Sedebamus
1884 2211 1967 2243 enim
1994 2211 2027 2243 in
2047 2210 2155 2254 puppi
2181 2214 2210 2243 et

305 2279 430 2313 clavum
465 2280 676 2314 tenebamus:
720 2292 807 2315 nunc
839 2285 950 2314 autem
979 2280 1040 2313 via:
1070 2284 1119 2313 est
1146 2280 1184 2313 in
1213 2281 1341 2314 sentina
1375 2280 1475 2314 locus.
1533 2279 1587 2314 An
1619 2281 1729 2314 minus
1758 2281 1864 2314 multa
1895 2285 2024 2313 senatus
2057 2281 2207 2314 consulta

302 2349 420 2391 sutura
439 2354 553 2392 putas,
579 2350 610 2383 εἰ
632 2360 686 2393 ⁶9⁰
711 2351 774 2383 sim
791 2349 959 2395 Neapoli?
994 2349 1107 2383 Romoe
1128 2360 1228 2394 quum
1251 2360 1324 2383 sum
1349 2354 1378 2383 et
1401 2361 1521 2394 uryueo
1550 2351 1671 2394 forum,
1697 2356 1826 2383 senatus
1849 2349 1993 2382 consulta
2015 2350 2208 2382 scribuntur

304 2416 394 2463 apud
418 2423 598 2453 amatorem
624 2423 728 2463 tuum,
753 2419 955 2463 familiarem
980 2429 1096 2453 mcum.
1147 2416 1232 2463 Quo
1258 2418 1403 2464 quidem
1426 2419 1506 2455 loco
1536 2418 1689 2462 Tullius,
1716 2428 1786 2463 quo
1813 2418 1885 2453 sale
1911 2427 2033 2452 amaro
2061 2417 2209 2463 perfusa

304 2490 358 2520 est
394 2490 466 2521 tota
504 2488 675 2531 epistola,
725 2488 832 2523 verbo
876 2488 1035 2531 urquendi
1067 2488 1177 2531 samm
1214 2487 1389 2523 desidiam
1424 2497 1526 2523 suam
1565 2493 1670 2535 atque
1709 2487 1934 2532 negotiorum
1974 2489 2211 2532 vacationem,

306 2554 441 2599 quippe
460 2555 519 2591 cui
541 2556 617 2601 jam
642 2556 679 2592 in
706 2557 847 2593 sentina
869 2556 927 2591 vix
952 2556 999 2591 sit
1022 2556 1139 2603 locus,
1166 2557 1341 2602 increpat.
1382 2557 1503 2602 ltaque
1531 2555 1705 2602 siquidem
1731 2567 1865 2601 arquere
1888 2567 1968 2590 arva
1992 2561 2046 2592 est
2072 2560 2213 2593 otiosum

303 2626 339 2658 in
366 2635 444 2669 apro
465 2628 604 2670 versari,
631 2629 749 2663 statim
776 2626 958 2672 intelliges
985 2627 1090 2662 etiam
1116 2627 1202 2672 quid
1233 2628 1302 2662 sibi
1329 2628 1437 2662 velint
1460 2628 1583 2661 verba:
1604 2627 1804 2669 jampridem
1830 2638 1896 2659 uon
1922 2632 2012 2659 tacta
2037 2628 2209 2670 liyonibus.

305 2692 481 2729 Videlicet
506 2694 646 2732 villicus
669 2695 886 2741 jamdudum
914 2704 1028 2740 neque
1055 2700 1174 2731 aratro
1204 2705 1318 2740 neque
1340 2696 1522 2743 ligonibus
1553 2699 1761 2730 exercuerat
1784 2705 1884 2738 arva,
1912 2705 2035 2732 verum
2065 2707 2137 2733 non
2165 2699 2211 2733 ita

304 2763 373 2799 hoe
398 2763 432 2799 ei
456 2765 652 2810 exprobrat
680 2765 849 2803 Horatius
879 2771 918 2803 ut
941 2775 1025 2803 rura
1051 2764 1249 2803 exercenda
1278 2764 1391 2802 fuisse
1416 2764 1511 2801 dicat
1546 2784 1592 2792 -—
1629 2769 1779 2811 apparet
1812 2766 1905 2801 enim
1932 2776 1974 2801 ex
2003 2768 2107 2812 epist.
2136 2767 2213 2804 xvi

1976 2832 1993 2858 e
