2585 3173
1192 151 1254 194 29

1112 206 1351 237 amm

270 335 400 377 erant?
442 334 606 371 Fortasse
632 333 752 371 Scaeva
788 339 864 371 erat
894 334 1001 371 bomo
1037 335 1167 380 aliquis
1203 335 1425 381 impudentia
1460 339 1565 379 atque
1598 334 1864 379 importunitate
1895 336 2068 383 insignis,
2109 338 2165 372 cui

270 411 345 446 haec
364 406 589 452 potissimum
615 404 828 440 inculcanda
855 410 984 441 essent.
1029 403 1074 441 At
1096 405 1228 441 Horatii
1252 410 1328 441 erat
1351 404 1486 440 amicus
1513 409 1617 448 atque
1645 402 1849 440 familiaris:
1877 411 1912 440 at
1937 408 2159 453 gravissimis

269 476 383 513 verbis
407 479 514 520 poeta
540 474 692 509 amicum
716 473 916 509 modestum
942 479 1048 519 atque
1074 475 1298 511 baesitantem
1325 473 1369 508 ad
1394 472 1629 516 appetendam
1656 474 1833 517 majorum
1862 476 2158 512 consuetudinem

266 546 405 583 videtur
422 544 589 580 excitare.
631 541 705 579 Cur
724 544 834 590 igitur
857 543 941 579 inde
959 554 979 579 a
1000 555 1031 580 v.
1055 545 1103 581 43
1127 545 1170 581 de
1188 545 1294 581 donis
1317 542 1543 589 potissimum
1568 540 1721 577 ferendis
1743 553 1858 579 sermo
1880 546 1926 580 sit
1946 554 2018 580 non
2046 546 2160 582 video.

266 615 358 649 Tum
385 621 468 647 vero
494 613 556 655 qui
587 622 619 646 v.
655 612 698 646 41
734 613 783 646 ait
805 617 864 644 aut
887 613 994 646 virtue
1017 624 1133 646 nomen
1155 616 1254 647 inane
1281 617 1328 645 est
1352 616 1410 644 aut
1435 612 1528 643 decus
1556 616 1585 643 et
1604 613 1748 654 pretium
1776 619 1856 645 recte
1877 616 1962 656 petie
1993 617 2159 658 &periens

264 687 334 726 vir,
372 682 467 718 idem
493 693 525 717 v.
556 683 604 718 45
638 682 714 718 haec
741 682 872 718 habet:
908 684 1002 727 atqui
1031 694 1141 718 rerum
1174 689 1271 730 caput
1303 683 1361 716 hoc
1385 686 1477 723 erat,
1516 681 1568 714 hic
1593 681 1684 725 sona,
1717 681 1878 719 videlicet
1903 683 1997 719 dona
2022 685 2114 721 ferre
2141 699 2159 722 a

265 751 424 800 regibus.
475 749 572 797 Ergo
595 750 631 785 in
662 759 705 785 eo
730 750 834 796 ponit
853 749 1019 786 Horatius
1046 751 1209 787 virtutem
1235 756 1273 787 ut
1299 750 1426 786 calleat
1456 749 1536 794 quis
1561 759 1580 783 a
1607 749 1832 793 principibus
1859 751 1943 785 viris
1970 753 2157 789 commoda

264 818 387 857 serre?
445 820 582 855 Moriar
615 821 647 855 si
682 820 757 855 haec
785 820 861 864 ejus
896 821 1020 865 opinio
1055 826 1119 856 est.
1169 821 1268 857 Dicet
1303 821 1456 856 fortasse
1491 820 1694 863 quispiam:
1728 819 1825 863 quod
1857 821 1980 864 jocose
2018 822 2161 858 disserit

264 895 369 937 poeta
396 889 440 926 ad
465 888 642 925 notandos
669 888 856 924 hominum
882 888 1113 925 sordidorum
1140 899 1281 926 mores:
1308 889 1344 925 id
1370 895 1419 932 tu,
1445 888 1549 933 quasi
1572 888 1666 923 serio
1692 887 1736 923 ad
1758 888 1973 924 monendum
2001 889 2153 929 Scaevam

263 959 437 1004 scriptum
463 959 526 1002 sit,
554 957 659 992 nimis
690 958 795 992 anxie
820 958 967 1003 premis.
1019 957 1073 993 Ad
1099 968 1140 994 ea
1167 968 1237 994 non
1264 959 1378 994 habeo
1404 957 1500 1003 quod
1524 956 1762 1002 respondeam
1783 967 1791 992 ε
1832 963 1885 993 est
1909 958 2157 995 difficillimum

263 1028 391 1064 stultos
416 1027 591 1063 refellere.
650 1026 706 1061 Tu
731 1037 837 1071 vero,
877 1029 932 1063 vir
961 1027 1185 1072 doctissime,
1220 1027 1315 1063 haud
1341 1029 1486 1074 ignoras
1516 1032 1681 1071 poetam,
1713 1037 1823 1072 quum
1852 1038 1964 1073 usque
1989 1029 2031 1064 ad
2055 1040 2086 1065 v.
2113 1029 2161 1065 4⁶2

264 1097 361 1132 serio
387 1097 529 1131 locutus
553 1097 758 1131 excitaverit
784 1098 937 1132 amicum
966 1096 1010 1133 ad
1044 1098 1281 1142 appetendam
1306 1097 1482 1140 majorum
1515 1096 1832 1139 consuetudinem,
1871 1107 1942 1132 non
1969 1099 2087 1133 subito
2114 1102 2160 1134 ita

263 1165 445 1201 declinare
469 1174 577 1210 posse
602 1174 622 1200 a
647 1166 835 1209 proposito
867 1170 905 1200 ut
929 1176 996 1211 per
1025 1167 1167 1202 satiram
1193 1166 1298 1212 quasi
1324 1165 1477 1200 aliorum
1504 1174 1621 1199 mores
1653 1166 1872 1212 perstringat
1901 1168 2021 1211 potius
2053 1177 2158 1212 quam

263 1235 389 1270 doceat
407 1235 573 1269 amicum.
620 1233 722 1269 Adde
737 1234 834 1279 quod
861 1236 1011 1280 epistola
1039 1246 1109 1281 qua
1127 1238 1207 1281 quis
1228 1240 1384 1280 exponat
1406 1240 1523 1269 utrum
1548 1240 1691 1279 praestet
1714 1236 1896 1280 principes
1923 1238 2017 1272 viros
2036 1236 2161 1284 sugere

263 1313 308 1339 an
343 1302 471 1338 sectari
509 1304 643 1349 optime
678 1303 906 1339 concluditur
941 1305 1154 1352 gravissima
1186 1304 1247 1341 illa
1282 1304 1481 1340 sententia:
1525 1308 1585 1337 aut
1615 1304 1720 1337 virtus
1753 1316 1868 1339 nomen
1898 1306 1996 1339 inane
2026 1311 2073 1340 est
2103 1312 2160 1340 aut

262 1376 357 1410 decus
381 1381 412 1410 et
437 1386 490 1420 pr.
513 1386 540 1408 r.
564 1386 597 1420 p.
625 1385 697 1420 cap.
723 1384 779 1409 v.:
820 1375 971 1420 epistola
1006 1385 1089 1411 vero
1118 1385 1197 1421 quae
1234 1379 1267 1411 et
1293 1374 1389 1410 illam
1424 1374 1659 1419 quaestionem
1683 1380 1715 1410 et
1740 1381 1918 1420 praecepta
1952 1375 1995 1411 de
2022 1378 2160 1412 ratione

262 1445 385 1480 utendi
421 1445 602 1480 contineat
632 1445 787 1488 pessime
821 1444 1050 1480 concluditur
1082 1455 1186 1480 versu
1214 1447 1262 1481 62
1291 1455 1396 1488 quaere
1426 1445 1659 1487 pereqrinum!
1696 1446 1821 1478 vicinia
1855 1456 1958 1478 rauca
1993 1446 2159 1485 reclamat,

261 1516 397 1561 quippe
438 1516 498 1560 qui
534 1514 674 1549 animos
711 1514 814 1558 quasi
850 1514 1048 1560 suspendat
1079 1525 1194 1561 neque
1220 1514 1265 1550 ad
1308 1513 1532 1559 propositum
1567 1512 1685 1548 redire
1721 1515 1888 1559 patiatur.
1953 1514 2014 1550 His
2051 1515 2162 1561 igitur

264 1584 381 1619 causis
408 1583 570 1618 adducor
595 1586 634 1617 ut
659 1582 795 1618 Horatii
821 1583 866 1618 ad
890 1582 1047 1619 Scaevam
1074 1585 1264 1628 epistolam
1286 1594 1318 1619 v.
1351 1582 1398 1618 ⁴⁹2
1425 1581 1591 1617 concludi
1617 1583 1827 1625 existimem,
1854 1583 2012 1627 reliquos
2042 1589 2159 1619 autem

262 1662 384 1687 versus
412 1651 607 1696 deperditae
639 1651 791 1695 alicujus
827 1653 945 1687 satirae
977 1653 1181 1688 Horatianae
1218 1664 1295 1688 esse
1332 1658 1487 1697 partem,
1528 1661 1598 1695 qua
1629 1651 1726 1695 quod
1760 1652 1877 1686 simile
1908 1658 2157 1697 argumentum

264 1726 370 1766 atque
401 1720 553 1766 epistola
580 1725 703 1756 nostra
730 1724 917 1756 tractatum
944 1722 1010 1769 sit,
1042 1722 1181 1758 librarii
1212 1722 1296 1758 huic
1329 1732 1405 1758 eam
1438 1721 1628 1757 assuerint.
1694 1718 1784 1755 Nam
1813 1719 1937 1765 plures
1973 1720 2155 1756 Horatium

260 1790 449 1835 scripsisse
487 1789 615 1824 satiras
652 1798 758 1833 quam
793 1798 873 1836 quae
905 1789 949 1824 ad
981 1790 1073 1825 hanc
1099 1795 1236 1826 aetatem
1262 1790 1510 1835 pervenerint,
1546 1798 1627 1823 cum
1659 1794 1809 1833 propter
1835 1790 1944 1824 multa
1974 1790 2007 1822 in
2035 1790 2155 1833 priore

260 1860 448 1895 satirarum
477 1859 568 1893 libro
595 1859 743 1904 vestigia
769 1859 855 1894 mibi
889 1860 1059 1895 credibile
1091 1859 1249 1903 videtur,
1287 1865 1361 1895 tum
1393 1865 1542 1904 propter
1573 1863 1653 1893 octo
1688 1858 1770 1894 illos
1804 1870 1927 1894 versus
1963 1861 2022 1903 qui
2049 1860 2154 1905 vulgo

262 1932 343 1965 ante
369 1925 442 1966 Sat.
471 1926 502 1971 1,
529 1927 575 1963 10
598 1927 768 1975 leguntur
792 1932 825 1964 et
846 1932 995 1975 propter
1023 1927 1089 1975 Ep.
1116 1928 1152 1972 1,
1176 1930 1241 1973 19,
1274 1930 1320 1965 10
1345 1927 1536 1964 admodum
1565 1931 1618 1963 est
1644 1927 1844 1973 probabile.

452 1998 584 2034 Verum
615 1998 856 2042 quodcunque
889 1998 932 2033 de
961 2000 1027 2034 hac
1065 2000 1270 2044 conjectura
1311 1999 1484 2043 judicium
1517 1998 1665 2041 feceris,
1708 1997 1790 2032 Tibi
1828 1999 1967 2042 quidem
2004 2009 2073 2033 non
2118 2002 2152 2034 iu

261 2078 401 2104 cassum
428 2067 575 2103 videbor
600 2066 801 2113 disputasse
826 2068 888 2113 qui
914 2067 1127 2104 contendam
1161 2078 1223 2105 eos
1250 2067 1364 2104 malos
1387 2072 1512 2113 poetas
1540 2077 1618 2103 esse
1643 2077 1733 2112 quos
1757 2077 1828 2103 non
1856 2069 1956 2103 liceat
1980 2078 2020 2103 ex
2048 2079 2155 2104 sensu

259 2138 440 2173 communi
478 2138 653 2172 aestimare
684 2147 797 2181 eoque
833 2138 935 2182 quasi
978 2137 1124 2173 modulo
1165 2138 1302 2180 metiri,
1341 2146 1405 2172 nec
1453 2146 1670 2182 quemquam
1711 2137 1800 2172 adeo
1840 2138 1971 2182 pollere
2006 2139 2153 2183 ingenio

258 2206 319 2250 qui
362 2206 500 2253 logicas
545 2206 644 2252 leges
691 2206 838 2253 impune
886 2208 1000 2252 possit
1045 2207 1244 2254 negligere.
1309 2206 1397 2242 Nam
1445 2211 1479 2241 et
1521 2207 1599 2251 ipse
1640 2205 1694 2241 Tu
1730 2208 1764 2241 in
1808 2217 1847 2241 ea
1879 2217 1957 2250 quse
1996 2210 2157 2252 sequitur

259 2275 410 2320 epistola
433 2275 541 2311 XVlll
566 2276 745 2310 similibus
779 2277 896 2311 causis
918 2276 1093 2312 adductus
1124 2287 1155 2311 v.
1177 2276 1342 2312 89-95
1376 2286 1395 2311 a
1426 2281 1530 2321 poeta
1560 2276 1740 2311 existimas
1772 2277 1923 2320 scriptos
1964 2287 2041 2311 esse
2078 2284 2159 2322 post

260 2353 290 2378 v.
326 2343 372 2380 66
404 2345 489 2379 :cui
537 2344 681 2389 quidem
719 2345 936 2388 conjecturae
973 2347 1187 2382 firmissimis
1227 2346 1331 2390 quasi
1358 2345 1602 2381 fundamentis
1637 2347 1766 2380 innixae
1803 2356 1871 2380 non
1908 2346 2020 2381 babeo
2061 2348 2156 2391 quod

260 2412 514 2450 contradicam.
569 2412 797 2459 Quamquam
824 2413 867 2450 de
889 2424 921 2450 v,
954 2413 995 2452 91
1024 2419 1058 2450 et
1090 2414 1140 2450 92
1166 2415 1333 2451 assentiri
1359 2415 1481 2450 malim
1508 2413 1660 2459 Hauptio
1684 2419 1716 2449 et
1750 2414 1928 2449 Meinekio
1962 2417 2022 2460 qui
2051 2418 2157 2453 rerba

257 2482 381 2525 paullo
412 2483 601 2528 loquacius
635 2483 729 2519 dicta
766 2484 929 2519 contrabi
954 2485 1063 2519 velint
1102 2486 1137 2520 in
1177 2485 1273 2520 hunc
1311 2495 1422 2520 unum
1460 2494 1624 2519 versum:
1651 2489 1776 2525 potores
1808 2492 1959 2527 porrecta
1992 2494 2158 2529 neqantem

254 2550 395 2593 pocula,
417 2554 574 2595 quamvis.

451 2620 493 2657 V.
525 2624 571 2660 99
595 2627 713 2659 autem
742 2628 776 2659 et
806 2622 874 2659 100
895 2624 1007 2659 miror
1030 2623 1126 2668 quod
1163 2625 1330 2660 intactam
1366 2624 1539 2668 reliquisti
1566 2622 1753 2658 lectionem
1783 2625 1961 2671 vulgatam
1988 2630 2090 2658 num
2136 2637 2163 2665 te

257 2698 380 2732 smper
409 2690 505 2734 inops
536 2693 636 2736 aqitet
663 2698 814 2738 vexetque
845 2693 979 2738 mopido,
1007 2696 1111 2726 num
1143 2704 1270 2737 pavor:
1309 2703 1389 2728 nam
1423 2691 1598 2727 Orellium
1627 2691 1770 2737 quidem
1807 2699 1840 2728 et
1874 2694 2069 2742 plerosque
2099 2702 2158 2745 qui

257 2757 536 2803 interpretentur
565 2773 642 2796 num
667 2767 697 2797 te
722 2763 807 2797 lucri
837 2768 867 2798 et
889 2766 1044 2807 potentiae
1069 2765 1234 2808 cupiditas
1260 2774 1379 2798 vexare
1407 2751 1562 2793 debeat
1589 2764 1830 2809 grammaticae
1858 2764 2004 2811 legibus
2032 2778 2158 2812 parum

1932 2828 1948 2854 a
