2585 3173
1225 131 1286 172 25

1131 183 1370 214 xxxa-sem

297 316 412 351 oratio
437 318 476 349 ut
500 313 669 358 bipartito
695 311 902 348 audiremus
928 310 1097 346 Maenium
1122 312 1330 347 inserviisse
1353 314 1483 357 ventri,
1518 318 1578 348 aut
1603 315 1691 349 mira
1719 315 1911 349 voracitate
1937 319 1998 348 aut
2018 313 2198 348 delicatis-

295 386 469 420 simorum
492 382 657 418 ciborum
688 385 889 426 apparatut
926 391 1007 416 nam
1032 391 1064 416 v.
1098 382 1145 418 33
1169 381 1226 415 ubi
1254 381 1305 414 m'l
1331 386 1391 414 aut
1415 382 1566 426 paullum
1594 384 1772 417 abstulerat
1795 389 1828 419 et
1853 394 1883 419 v.
1905 385 1952 420 38
1977 385 2032 417 ubi
2054 387 2197 417 verterat

296 453 391 488 inter
431 460 470 487 se
506 451 555 485 ita
593 448 813 493 respondere
838 448 1081 489 ,manifestum
1120 454 1173 485 est
1212 454 1250 484 ut
1290 450 1422 484 ventris
1459 450 1576 485 cultus
1620 452 1843 497 significetur
1880 453 2082 496 bipartitus.
2146 450 2196 484 lta

296 520 443 566 quidem
484 519 605 554 omnia
637 519 774 562 optime
808 518 983 563 disposita
1019 524 1163 554 essent:
1201 519 1265 554 sed
1305 519 1422 553 haereo
1457 520 1494 553 in
1534 520 1639 554 verbo
1677 522 1729 554 hic
1766 520 1861 565 quod
1902 532 1932 556 v.
1965 521 2011 555 33
2049 520 2193 566 legitur.

297 587 445 633 Quippe
469 588 502 623 si
529 588 574 622 ab
605 587 673 622 hoe
698 597 802 622 versu
832 592 938 632 poeta
973 586 1182 622 ordiebatur
1206 597 1334 623 novam
1359 589 1646 623 enunciationem
1677 599 1745 633 qua
1770 600 1810 624 ea
1835 600 1914 634 quae
1941 588 2194 624 antecederent

295 657 496 695 accuratius
522 656 766 701 definirentur,
792 665 864 693 non
891 666 983 703 opus
1010 659 1087 691 erat
1111 655 1329 693 Pronomine
1355 657 1638 693 demonstrativo
1664 667 1734 703 quo
1757 658 1905 694 Maenius
1931 661 2058 694 iterum
2087 658 2193 693 nobis

296 732 637 773 repraesentaretur:
673 732 779 771 atque
805 726 914 769 adeo,
957 725 1129 771 quoniam
1154 726 1198 761 de
1231 728 1329 762 nullo
1363 729 1432 762 nisi
1468 727 1512 762 de
1545 729 1674 763 Maenio
1713 730 1909 774 cogitamus
1941 734 2045 772 atque
2081 729 2124 763 de
2151 739 2192 763 eo

298 801 371 832 tota
407 806 488 841 quae
523 795 703 832 antecedit
731 795 908 841 expositio
944 800 1016 840 est,
1048 794 1140 831 illud
1173 795 1375 832 Pronomen
1411 806 1483 832 non
1517 796 1705 833 serendum
1736 797 1887 833 videtur.
1951 797 2047 832 Nihil
2083 798 2193 843 igitur

296 866 512 911 relinquitur
536 866 607 901 nisi
633 870 672 901 ut
695 866 935 901 assentiamur
953 864 1136 909 Bentlejo,
1162 867 1396 911 sagacissimo
1424 866 1476 900 illi
1503 868 1601 911 viro,
1629 868 1690 911 qui
1715 867 1934 912 ,iampridem
1961 877 2025 911 pro
2052 868 2192 900 ‹Ioreabat

295 945 354 971 ex·
376 940 534 971 veterum
572 935 749 971 librorum
786 934 939 971 lectione
979 935 1123 969 donarat
1157 934 1243 970 vidit
1281 934 1540 971 restituendum
1577 946 1655 972 esse
1686 937 1824 971 donaret
1863 941 1896 972 et
1931 946 2010 971 eum
2050 936 2191 981 quidem

296 1002 572 1050 Conjunctivum
608 1002 767 1050 pendere
805 1013 849 1040 ex
883 1003 1057 1040 vocabulo
1098 1004 1163 1049 qui.
1227 1002 1400 1039 Nimirum
1433 1014 1476 1040 ex
1507 1004 1574 1039 hoc
1610 1006 1746 1039 donaret
1782 1010 1867 1040 ortae
1900 1010 1984 1040 sunt
2016 1004 2095 1039 duae
2122 1005 2191 1039 iltae

297 1074 469 1109 lectiones
494 1084 575 1118 quae
600 1074 706 1108 hodie
732 1075 768 1109 in
803 1073 906 1109 libris
943 1083 1123 1108 manuscr.
1160 1079 1302 1108 extant:
1341 1076 1474 1118 quippe
1502 1076 1731 1118 requirebant
1754 1076 1892 1109 librarii
1921 1077 2066 1110 verbum
2094 1074 2191 1119 quod

295 1142 340 1180 ad
365 1143 535 1179 Maenium
561 1142 768 1179 referretur.
818 1141 864 1178 At
885 1143 921 1178 id
947 1143 1064 1189 ipsum
1087 1142 1185 1188 quod
1211 1143 1441 1188 requirebant
1467 1148 1520 1179 est
1542 1144 1699 1186 coenabat,
1727 1149 1779 1179 est
1803 1145 1935 1178 aiebat:
1963 1144 2192 1179 continuatur

294 1214 390 1249 enim
417 1213 532 1248 oratio
561 1222 627 1257 per
650 1223 680 1247 v.
707 1213 894 1256 26-41,
922 1212 985 1248 sed
1010 1217 1161 1257 propter
1186 1212 1341 1258 amplam
1370 1213 1461 1248 hanc
1484 1214 1673 1249 verborum
1702 1214 2057 1258 comprehensionem
2085 1218 2190 1257 poeta

293 1294 326 1319 v.
363 1282 412 1319 33
447 1281 615 1317 Maenium
644 1282 818 1318 vocabulo
855 1282 908 1316 hic
942 1283 979 1318 in
1007 1283 1214 1319 memoriam
1253 1282 1494 1318 revocandum
1531 1284 1691 1318 censuit:
1733 1288 1766 1318 et
1799 1284 1995 1318 rectissime
2032 1281 2188 1326 quidem.

292 1353 419 1388 Dicere
444 1357 584 1397 poterat
608 1352 660 1386 hic
675 1354 780 1396 ›iqitur
808 1352 862 1387 vel
891 1352 962 1395 hic,
993 1353 1151 1397 inquam:
1192 1351 1255 1387 sed
1290 1352 1379 1387 nihil
1406 1352 1578 1398 Jobstabat
1610 1354 1694 1397 quin
1730 1353 1948 1397 simpliciore
1985 1352 2047 1386 illo
2080 1351 2187 1386 modo

293 1426 463 1458 uteretur.
513 1419 679 1456 Ceterum
702 1431 782 1465 quae
808 1431 919 1466 supra
944 1420 987 1456 de
1008 1430 1116 1456 sensu
1142 1430 1173 1456 v.
1198 1421 1246 1456 32
1269 1425 1303 1456 et
1328 1420 1372 1456 de
1396 1421 1474 1466 ejus
1497 1431 1577 1456 cum
1602 1432 1633 1456 v.
1659 1423 1706 1457 33
1731 1427 1764 1456 et
1789 1432 1819 1456 v.
1849 1423 1895 1457 33
1922 1421 2185 1455 necessitudine

292 1492 517 1534 monuimus,
546 1491 652 1526 etiam
678 1491 723 1526 ad
748 1490 899 1535 Bentleji
922 1492 1166 1536 conjecturam
1191 1491 1324 1535 optime
1354 1493 1582 1526 conveniunt.
1648 1490 1723 1527 Hoc
1748 1493 1859 1538 igitur
1882 1491 1966 1525 dicit
1995 1490 2185 1525 Horatius:

291 1561 458 1604 lucentius,
495 1565 533 1594 ut
556 1561 652 1605 coepit
675 1560 788 1594 haberi
820 1571 953 1603 scurra,
991 1561 1048 1605 qui
1071 1572 1137 1594 non
1161 1566 1282 1594 certum
1303 1571 1447 1606 proesffle
1473 1566 1589 1594 teneret
1619 1566 1650 1594 et
1674 1563 1730 1605 qui
1754 1563 1803 1595 ita
1831 1567 1975 1594 ventrem
2007 1562 2102 1605 quasi
2128 1571 2188 1604 pro

291 1632 349 1666 deo
373 1632 487 1665 coleret
512 1636 550 1663 ut
568 1631 724 1675 quidquid
748 1630 922 1675 quoesierat
942 1630 971 1664 ei
995 1630 1133 1663 donaret
1157 1649 1172 1657 -
1191 1630 1242 1664 hic
1264 1631 1366 1674 iqitur
1388 1635 1445 1663 aut
1461 1632 1597 1676 patinas
1620 1631 1766 1664 coenabat
1791 1632 1914 1673 omasi,
1938 1636 1997 1663 aut
2027 1631 2134 1662 aicbat
2159 1641 2191 1662 se

291 1712 357 1735 non
378 1701 499 1734 mirari
522 1701 552 1733 si
578 1701 635 1745 qui
655 1700 857 1733 corraderent
882 1700 975 1733 bona.

481 1767 713 1814 Quamquam
742 1769 818 1804 haec
841 1773 911 1804 tam
938 1767 1056 1804 facilia
1082 1773 1167 1805 sunt
1184 1768 1364 1804 intellectu
1391 1774 1430 1804 ut
1449 1769 1530 1804 Tibi
1558 1755 1724 1815 fortasse,
1746 1770 1799 1804 vir
1823 1769 2040 1812 doctissime,
2067 1769 2188 1804 videar

292 1839 425 1886 longus
460 1838 595 1873 fuisse:
633 1839 744 1874 multo
776 1837 960 1873 difficilior
995 1843 1048 1873 est
1081 1838 1231 1883 epistola
1258 1838 1351 1881 XVI,
1391 1839 1435 1873 ad
1459 1849 1585 1883 quam,
1614 1849 1759 1884 quaeso,
1795 1841 1870 1884 Jam
1898 1850 2035 1875 meeum
2065 1839 2185 1874 adeas.

291 1908 448 1944 Plurima
475 1908 511 1943 in
540 1917 580 1942 ea
600 1907 744 1952 quidem
776 1916 796 1942 a
826 1906 877 1942 Te
901 1909 1046 1954 egregie
1071 1913 1154 1944 sunt
1178 1909 1341 1943 inventaz
1382 1917 1559 1952 nusquam
1587 1914 1774 1953 tantopere
1799 1909 1996 1944 admiratus
2020 1918 2099 1943 sum
2127 1914 2186 1942 aut

290 1978 521 2014 subtilitatem
557 1976 765 2022 disputandi
802 1981 863 2012 aut
898 1976 1102 2013 facultatem
1136 1976 1359 2022 dijudicandi
1393 1977 1479 2022 quid
1518 1983 1660 2023 poetam
1699 1978 1839 2022 deceat,
1878 1978 1964 2023 quid
1997 1988 2082 2013 non.
2146 1976 2187 2010 Et

288 2057 398 2092 quum
421 2046 629 2082 felicissimo
656 2045 811 2090 quodam
836 2055 921 2080 casu
954 2047 1144 2092 contigerit
1167 2052 1205 2081 ut
1231 2047 1422 2081 Kolsterus
1448 2057 1610 2092 quoque,
1644 2049 1833 2093 popularis
1857 2058 1979 2092 meus,
2018 2050 2072 2082 vir
2092 2049 2181 2082 acris

285 2117 414 2161 judicii
437 2116 544 2153 laude
568 2126 639 2152 non
666 2117 785 2151 minus
812 2125 919 2160 quam
948 2115 1122 2152 doctrinae
1146 2121 1254 2162 atque
1280 2116 1492 2152 eruditionis
1518 2117 1695 2164 insignis,
1725 2127 1841 2163 nuper
1862 2117 1905 2153 de
1929 2118 2178 2153 sententiarum

288 2186 325 2220 in
351 2186 416 2221 hac
442 2186 593 2230 epistola
616 2186 743 2220 ordine
772 2196 812 2220 ea
837 2196 908 2230 qua
931 2186 1023 2221 solet
1053 2186 1230 2231 elegantia
1255 2192 1361 2230 atque
1386 2187 1550 2221 acumine
1577 2186 1768 2222 dissereret
1798 2187 1942 2224 (Philol.
1975 2187 2024 2227 X,
2045 2196 2080 2230 p.
2110 2188 2179 2221 543

288 2257 407 2301 sqq.)‚
446 2255 514 2290 hoc
538 2264 647 2290 unum
674 2254 779 2290 doleo
806 2254 901 2300 quod
927 2254 1005 2290 Tua
1032 2259 1066 2290 et
1090 2254 1188 2290 illius
1215 2254 1259 2291 de
1286 2255 1393 2290 simili
1424 2260 1637 2302 argumento
1663 2254 1932 2301 disquisitiones
1958 2254 2079 2290 eodem
2106 2253 2179 2289 sere

287 2329 446 2369 tempore
469 2324 612 2368 scriptae
638 2329 722 2359 sunt
747 2329 784 2359 ut
810 2329 936 2360 neuter
960 2325 1004 2360 ab
1030 2324 1142 2360 altero
1170 2324 1310 2360 discere
1333 2326 1502 2369 potuerit.
1552 2323 1661 2368 Quod
1686 2327 1718 2360 si
1743 2325 1871 2360 factum
1894 2330 1996 2366 esset,
2023 2323 2175 2359 fortasse

287 2393 392 2428 etiam
411 2394 481 2429 loci
505 2392 707 2428 difficillimi
732 2393 795 2437 qui
819 2394 984 2430 versibus
999 2393 1145 2430 25—-32
1170 2394 1375 2429 continetur
1399 2395 1647 2438 interpretatio
1669 2393 1712 2429 ad
1740 2394 1842 2428 finem
1868 2396 1960 2427 esset
1988 2391 2174 2436 perducta.

287 2459 461 2505 Quamvis
487 2463 581 2498 enim
607 2463 768 2508 priorum
793 2463 1027 2508 interpretum
1054 2463 1312 2500 hariolationes
1348 2463 1614 2499 accommodate
1645 2461 1874 2506 refutat-eru,
1913 2465 2031 2496 tamen
2064 2471 2179 2506 pauca

285 2530 449 2576 quaedam
476 2532 599 2568 relicta
624 2536 709 2568 sunt
725 2531 769 2567 de
797 2533 929 2577 quibus
952 2532 1069 2569 adhuc
1092 2532 1328 2569 dubitandum
1353 2533 1526 2569 videatur.
1566 2531 1608 2567 Et
1630 2532 1784 2576 primum
1809 2530 1954 2575 quidem
1982 2532 2181 2567 rectissime

284 2611 372 2637 sane
403 2606 437 2637 et
469 2601 549 2638 Tuo
580 2602 662 2648 ,iure
693 2613 725 2639 v·
756 2602 803 2639 25
837 2613 963 2640 censes
996 2602 1040 2640 ad
1074 2603 1279 2640 Pronomen
1315 2604 1379 2639 tibi
1400 2603 1545 2639 verbum
1594 2601 1720 2636 dicendi
1755 2601 1952 2646 pertinere,
1988 2602 2052 2647 qui
2086 2602 2180 2639 euim

284 2671 457 2719 conjungi
489 2672 613 2709 volunt
649 2673 711 2707 tibi
744 2678 905 2717 puynata,
944 2671 1153 2718 Quinctium
1186 2674 1257 2709 sibi
1292 2673 1428 2720 fingant
1463 2680 1607 2708 necesse
1647 2675 1700 2707 est
1736 2671 1968 2716 insipientem
2000 2672 2179 2718 quendam

283 2740 464 2778 homiuem
495 2742 557 2788 qui
588 2751 837 2789 quamcunque
863 2742 1105 2779 adulationem
1141 2741 1282 2778 tulerit.-
1318 2741 1380 2778 sed
1419 2740 1515 2787 quod
1551 2740 1605 2776 Tu
1637 2740 1681 2777 ad
1720 2741 1826 2776 verba
1859 2742 1889 2775 si
1922 2743 1992 2786 quis
2016 2743 2097 2777 bella
2123 2743 2183 2776 tibi

1969 2806 1984 2830 7
