2585 3173
1100 133 1345 217 mgssssssm

258 316 399 354 alienet)
431 316 646 353 >videi-istam
675 316 779 352 omni
809 315 905 351 mato
944 314 1093 352 defendi
1122 320 1231 360 atque
1269 324 1393 362 regem
1431 316 1537 360 quasi
1580 325 1679 359 esse,
1720 316 1784 353 sed
1819 317 1997 362 optimum
2035 325 2178 352 murum

258 384 437 422 aheneum
454 406 458 412 -
476 394 563 422 esse.
583 385 763 421 *virtutem
784 369 899 430 atque
935 384 1196 421 conscientiam
1226 388 1373 419 rectam.
1437 382 1483 420 At
1519 384 1637 420 oritur
1673 384 1784 421 altera
1815 386 1934 432 maJor
1971 384 2179 426 difficultas,

258 452 454 499 quatu-ne
490 453 729 499 Tar-qudem
757 453 892 493 videris
921 454 1097 490 sensisse.
1161 451 1265 497 Quid
1292 451 1420 489 enim?
1469 452 1640 489 Horatius
1672 455 1844 498 quoniam
1877 454 1968 491 dixit
2003 454 2049 490 de
2085 454 2178 489 Jano

258 522 662 569 praecipienoe-primum
680 522 870 568 pecuniam
891 531 973 559 esse
985 520 1226 568 quaerendam
1245 526 1279 557 et
1296 521 1341 557 de
1359 522 1484 567 pueris
1506 521 1735 557 cantantibus
1755 521 1851 558 hunc
1872 533 1994 571 regem
2015 521 2095 558 fore
2114 522 2178 567 qui

249 592 521 634 >recte-feeerit,
551 596 627 627 tum
647 600 742 626 vvero
772 592 893 627 subito
916 591 1077 636 quodam
1100 591 1215 626 animi
1237 590 1369 626 ardore
1392 591 1635 626 inflammatus
1663 591 1874 626 exclamavit
1895 602 2029 636 pueros
2052 601 2177 627 verum

257 652 405 705 dicere,
427 660 594 697 virtutem
618 660 715 696 enim
749 669 829 696 esse
852 669 996 697 murum
1023 659 1221 703 aheneum,
1251 668 1374 696 nonne
1399 658 1456 698 his
1484 659 1602 696 verbis
1624 664 1736 696 totam
1760 661 2019 706 quaestionem,
2058 665 2179 696 utrum

258 729 373 765 Janus
411 733 508 764 recte
537 729 727 773 praecipiat
759 739 806 764 an
844 730 950 774 pueri
980 729 1168 775 ludentes,
1204 729 1353 763 omnino
1387 726 1570 764 absolvit?
1621 728 1785 764 Absolvit
1814 729 1990 773 profecto.
2044 729 2090 764 At
2117 730 2180 773 qui

259 797 404 839 tandem
427 797 610 844 post'baec
632 797 740 835 rerba
766 796 913 834 incitata
936 802 1047 843 atque
1068 796 1212 834 ardoris
1235 796 1358 844 plena,
1384 797 1516 843 quibus
1544 807 1647 833 suam
1673 798 1791 843 ipsius
1814 800 2028 834 sententiam
2055 803 2178 843 aperte

259 856 449 913 professus
482 868 540 911 sit,
575 867 828 913 perpironiam
850 866 1034 912 quandam
1059 877 1102 903 ac
1132 867 1212 903 sine
1236 868 1290 903 ira
1312 871 1348 903 et
1372 866 1516 911 studio,
1552 873 1590 903 ut
1616 868 1664 903 ita
1691 868 1834 911 dicam,
1872 877 1915 903 ex
1942 867 2175 904 audientibus

259 941 586 982 potestquaerere,
624 940 745 971 utrum
766 935 908 972 >Roscia
935 936 995 971 lex
1023 936 1153 978 melior
1183 937 1231 972 sit
1254 947 1300 972 an
1325 946 1522 982 puerorum
1546 937 1690 972 nenia?
1740 936 1917 981 Equidem
1944 939 2091 973 nescio:
2126 938 2178 972 sic

260 1005 415 1042 enimnis
440 1003 586 1041 demum
614 1013 778 1050 quaerere
798 1005 952 1050 poterit,
987 1005 1051 1050 qui
1073 1014 1113 1041 se
1136 1005 1258 1050 ipsum
1284 1004 1471 1041 simulabit
1493 1009 1555 1041 aut
1580 1015 1652 1042 non
1685 1004 1819 1042 habere
1843 1004 1931 1051 quid
1960 1004 2180 1051 respondeat

260 1075 590 1119 aut-quaestionem
617 1074 716 1109 nolle
745 1075 946 1109 absolvere.
1017 1072 1118 1117 Quid
1144 1072 1285 1120 igitur?
1322 1083 1565 1118 possumusne
1594 1075 1783 1110 Horatium
1813 1080 1886 1111 tam
1917 1076 2177 1110 inconcinnum

260 1142 380 1181 fuisse·
406 1141 573 1186 credere,
612 1147 650 1178 ut
676 1142 740 1178 tali
775 1141 884 1178 modo
919 1138 1191 1179 hariolaretur‘?
1241 1141 1389 1192 Minime
1417 1151 1515 1178 vero.
1568 1142 1666 1179 Nihil
1697 1143 1810 1190 igitur
1836 1142 2066 1188 aliquamdiu
2092 1143 2179 1178 mihi

217 1250 220 1252 ,
260 1212 454 1249 videbatur.
473 1212 633 1257 relinqui
660 1212 731 1248 nisi
759 1217 799 1247 ut
831 1212 893 1248 illa
927 1211 972 1248 de
1001 1221 1107 1247 muro
1138 1205 1278 1248 aheneo
1310 1211 1418 1247 verba
1447 1216 1618 1256 tanquam
1645 1212 1772 1257 spuria
1798 1221 1880 1247 cum
1914 1211 2122 1248 Wielandio
2147 1218 2181 1247 et

260 1282 442 1318 Meinekio
479 1281 718 1326 ejiceremus:
755 1286 862 1327 atque
892 1282 931 1317 in
960 1281 1028 1317 hae
1053 1281 1227 1328 opinione
1254 1290 1297 1316 eo
1323 1282 1441 1328 magis
1467 1281 1694 1326 perstabam,
1734 1281 1832 1327 quod
1860 1291 1904 1317 ne
1930 1282 2011 1327 ipsa
2035 1280 2180 1327 quidem

260 1352 387 1395 verba,
425 1351 563 1396 quippe
592 1350 724 1396 quibus
754 1360 827 1387 non
859 1352 986 1394 virtus,
1024 1350 1089 1387 sed
1114 1333 1273 1386 vacuitas
1297 1351 1465 1386 vitiorum
1488 1351 1514 1385 i.
1541 1360 1572 1386 e.
1600 1350 1739 1395 aliquid
1760 1360 1911 1386 vacuum
1936 1355 2044 1395 atque
2071 1351 2178 1386 inane

260 1420 444 1456 diceretur
464 1429 617 1462 murus,
631 1419 791 1455 dilucido
817 1425 924 1466 atque
947 1420 1116 1456 distincto
1142 1419 1282 1455 Horatii
1307 1428 1478 1455 sermone
1503 1419 1591 1455 mihi
1618 1419 1731 1467 digna
1756 1420 1983 1456 videbantur.
2036 1420 2176 1456 Nihilo-

262 1492 386 1526 minus
407 1493 601 1535 postquam
625 1488 714 1525 mihi
738 1490 775 1525 in
803 1493 957 1525 mentem
984 1489 1079 1525 venit
1102 1489 1201 1525 illius
1226 1498 1378 1525 versus:

692 1557 827 1598 Virtus·
849 1563 905 1593 est
928 1559 1054 1593 vitium
1079 1557 1206 1604 fugere
1232 1562 1267 1593 et
1289 1558 1467 1602 sapientia
1492 1558 1621 1603 prima,

693 1624 853 1663 Stultitia
879 1627 1052 1672 caruisse,

264 1701 298 1731 et
318 1696 491 1732 carminis
517 1696 642 1731 illius:

694 1765 840 1814 Integer
861 1766 941 1803 vitae
963 1765 1183 1812 scelerisque
1208 1776 1324 1812 purus

692 1835 772 1872 Non
794 1840 875 1882 eget
897 1835 1034 1872 Mauris
1055 1835 1190 1880 jaculis
1219 1845 1336 1881 neque
1357 1845 1460 1879 arcu,

260 1912 335 1948 quo
370 1902 517 1949 quidem
557 1905 717 1941 carmine
754 1910 893 1941 tantum
928 1914 1002 1940 non
1041 1914 1144 1941 muro
1180 1904 1319 1940 aheneo
1352 1904 1485 1941 dixerit
1520 1903 1691 1940 Horatius
1724 1905 1907 1942 hominem
1942 1907 2098 1952 probum
2138 1907 2180 1942 ab

260 1973 361 2008 omni
386 1972 483 2009 malo
504 1972 664 2019 defendi,
689 1984 762 2011 non
788 1974 967 2022 dubitavi,
992 1974 1081 2020 quin
1107 1978 1256 2019 possent
1281 1973 1429 2019 quidem
1452 1974 1536 2019 >ipsa
1558 1974 1621 2010 illa
1649 1975 1757 2010 verba
1783 1985 1863 2011 esse
1889 1976 2106 2013 Horatiana:
2145 1981 2178 2011 et

256 2042 435 2086 quoniam
460 2042 767 2091 interrogationes
793 2053 875 2088 quae
898 2043 1132 2078 continentur
1160 2053 1192 2077 v.
1229 2042 1401 2078 65-69
1434 2042 1481 2078 ad
1517 2048 1681 2079 nostrum
1710 2044 1831 2079 locum
1862 2046 2043 2090 pertinent
2074 2050 2181 2089 atque

263 2109 362 2155 quod
401 2109 476 2145 illic
512 2111 647 2159 legitur
678 2113 821 2157 fortunas
852 2122 1046 2157 responsare
1081 2112 1227 2157 mperboe
1267 2110 1313 2147 ad
1359 2112 1423 2147 illa
1460 2111 1505 2147 de
1544 2121 1650 2147 muro
1683 2112 1822 2149 aheneo
1858 2114 1964 2149 verba
2002 2115 2182 2158 respicere

263 2178 421 2226 videtur,
446 2179 524 2226 jam
555 2181 678 2219 nullus
711 2181 835 2219 dubito
868 2182 956 2227 quin
988 2191 1113 2217 revera
1144 2180 1311 2227 profecta
1344 2182 1418 2217 sint
1443 2181 1489 2218 ab
1516 2180 1679 2218 Horatio.
1745 2180 1940 2228 Quomodo
1966 2188 2084 2219 autem
2110 2183 2181 2219 illae

262 2248 518 2293 difficultates,
556 2250 601 2286 de
626 2252 758 2296 quibus
785 2262 898 2296 supra
924 2251 1104 2293 diximus,
1142 2256 1297 2295 possunt
1327 2250 1527 2295 expediri?
1577 2251 1699 2287 Multis
1736 2251 1868 2287 frustra
1897 2253 2040 2288 tentatis
2073 2263 2183 2288 unam

261 2317 366 2360 video
392 2317 486 2355 hanc
512 2319 629 2364 viam,
669 2325 708 2356 ut
741 2320 849 2357 verba
879 2320 942 2357 illa
972 2329 1045 2356 non
1079 2329 1145 2365 per
1170 2319 1495 2364 exclamationem,
1533 2321 1637 2366 quasi
1663 2321 1777 2366 ipsius
1805 2319 1942 2356 Horatii
1967 2323 2184 2358 sententiam

264 2388 442 2431 aperiant,
460 2387 594 2431 dicta,
616 2388 678 2423 sed
706 2398 772 2433 per
796 2390 1132 2433 interpretationem
1158 2388 1203 2423 ad
1231 2397 1431 2433 puerorum
1468 2390 1611 2424 neniam
1640 2389 1778 2432 adjecta
1803 2393 2017 2424 statuamus.
2082 2390 2119 2424 ld
2155 2392 2185 2425 si

264 2465 388 2491 verum
412 2462 481 2500 est,
502 2456 559 2493 his
583 2457 629 2494 de
654 2460 787 2504 quibus
815 2459 938 2505 agitur
961 2458 1080 2493 verbis
1111 2462 1219 2503 poeta
1244 2467 1329 2501 non,
1356 2458 1393 2493 id
1419 2457 1515 2502 quod
1545 2467 1668 2493 omnes
1696 2456 1771 2492 fere
1804 2458 2020 2502 interpretes
2046 2460 2186 2503 volunt,

265 2533 371 2560 suum
395 2524 511 2570 ipsius
534 2525 714 2571 judicium
738 2526 914 2563 exclamat
939 2535 1011 2573 quo
1042 2526 1267 2563 audientium
1293 2527 1433 2562 animos
1465 2530 1711 2571 praeoccupet,
1755 2525 1818 2561 sed
1851 2536 2049 2572 puerorum
2079 2529 2188 2564 verba

264 2594 421 2640 explicat
447 2599 555 2640 atque
582 2605 626 2631 ex
649 2597 783 2641 puerili
816 2597 922 2641 quasi
956 2596 1132 2632 convertit
1157 2596 1194 2631 in
1221 2596 1521 2640 pbilosophorum
1548 2603 1765 2646 sermonem.
1820 2595 1896 2632 Hoc
1925 2597 2041 2644 igitur
2066 2598 2186 2634 dicere

264 2662 427 2699 videtur:
446 2667 482 2696 at
500 2666 599 2708 pueri
624 2665 789 2708 ludentes,
825 2665 899 2700 Rea:
922 2667 1003 2707 eris,
1031 2666 1155 2707 aiunt,
1194 2665 1225 2697 ei
1251 2670 1334 2698 recte
1356 2665 1468 2709 facies,
1494 2665 1561 2698 sit-e
1586 2668 1637 2704 (ut
1659 2665 1726 2698 vim
1750 2665 1847 2709 hujus
1865 2667 1972 2700 neniae
1996 2669 2186 2712 emiliam)

265 2733 317 2766 hic
351 2742 466 2766 murus
492 2733 631 2767 aheneus
655 2739 743 2776 esto,
771 2734 822 2768 m'l
851 2735 996 2768 conscire
1022 2734 1099 2775 sibi,
1135 2731 1227 2767 nulla
1248 2734 1423 2778 pallescere
1447 2734 1552 2778 culpa.
1610 2733 1662 2768 De
1687 2734 1753 2769 hac
1778 2734 1924 2771 dicendi
1949 2736 2081 2782 figura,
2119 2747 2190 2782 qua
