2585 3173
1197 177 1221 220 1
1230 177 1260 220 3

471 360 513 395 Et
545 360 718 405 quoniam
749 359 805 394 his
831 359 876 394 de
912 360 1028 394 verbis
1057 361 1241 404 copiosius
1270 359 1551 403 disputavimus,
1588 358 1774 394 redeamus
1807 360 1851 395 ad
1878 362 1986 394 totius
2016 359 2179 403 epistolae

281 429 447 475 initium,
483 429 580 475 quod
614 428 701 475 quid
731 429 802 465 sibi
828 428 910 464 velit
933 428 1027 464 baud
1057 429 1249 465 obscurum
1276 429 1363 464 milii
1388 428 1539 464 videtur.
1603 428 1690 463 Nam
1727 439 1836 473 quum
1865 429 2067 465 Horatium.
2109 438 2178 473 qua

282 503 336 533 est
367 504 483 535 mente
509 508 598 534 sana
626 503 661 534 et
688 508 707 534 a
732 499 949 545 cogitatione
970 499 1191 534 abstrusiore
1224 498 1357 544 aliena,
1395 497 1539 533 credere
1571 507 1642 532 non
1670 498 1853 542 possimus
1884 500 2047 533 virtutem
2075 503 2181 541 atque

282 577 460 603 summum
483 567 678 603 bonumin
703 568 754 600 nil
782 568 976 601 admirando
1006 568 1196 611 posuisse,
1231 572 1302 601 tum
1327 577 1370 601 ex
1394 569 1481 611 ipsis
1508 568 1633 610 primis
1661 568 1777 601 verbis
1805 568 2004 602 luculenter
2029 571 2178 611 apparet

281 647 360 674 eum
398 647 470 674 non
514 636 604 673 adeo
645 634 849 674 Stoicorum
887 636 1050 673 doctrina
1092 637 1267 673 imbutum
1316 635 1450 673 fuisse.
1517 635 1615 680 Quid
1654 633 1779 672 euim?
1833 638 2028 682 sapientem
2071 640 2178 680 atque

281 707 507 743 emendatum
533 716 612 742 esse
638 707 669 741 si
693 711 854 752 putasset
878 706 972 742 idem
999 716 1041 741 ac
1075 706 1124 741 nil
1150 696 1343 751 admirari,
1380 711 1566 751 poteratne
1598 706 1742 741 dicere:
1778 707 1827 739 m'l
1858 708 2020 740 admirari
2042 716 2182 761 prope

279 789 330 811 ree
354 783 402 811 eet
425 788 493 809 una
517 786 589 820 quoe
608 777 735 809 beatem
755 777 862 820 facere
883 777 987 821 possit
1003 776 1021 809 ἒ
1072 774 1176 811 Certe
1203 776 1379 820 sapientia
1403 786 1443 810 ac
1469 777 1580 811 virtus
1611 778 1643 810 ei
1674 787 1744 810 non
1769 786 1884 820 prope
1909 786 1978 811 una
2006 789 2062 812 res
2078 804 2087 820 ‚
2113 779 2175 813 sed

279 856 361 882 vere
390 855 460 881 una
484 844 634 890 solaque
660 855 717 881 res
744 850 819 881 erat
843 854 923 891 quae
949 846 1054 881 vitam
1086 846 1225 881 beatam
1259 849 1458 890 praestaret.
1522 845 1615 892 Ergo
1650 855 1760 891 quum
1792 846 1903 880 virtus
1940 847 1971 881 ei
1997 858 2174 883 summum

279 916 413 952 bonum
439 923 519 950 esse
539 913 731 960 videretur,
756 924 815 950 ars
841 915 892 950 nil
916 914 1117 950 admirandi
1137 914 1222 950 illuc
1245 915 1277 950 ei
1299 914 1485 950 videbatur
1508 915 1685 958 pertinere
1706 920 1743 950 ut
1761 914 1902 950 facilius
1925 915 1968 950 ad
1993 927 2171 952 summum

278 985 413 1020 bonum
437 982 663 1027 perduceret.
715 981 839 1026 Quare
862 994 917 1018 nev
937 984 1005 1018 hoc
1029 983 1173 1027 quidem
1198 983 1279 1018 Tibi
1306 984 1568 1024 concesserim,
1602 984 1830 1019 artificiosam
1859 984 1971 1019 Tuam
2000 986 2173 1030 interpre-

278 1054 449 1089 tationem
473 1052 571 1087 verbi
594 1052 644 1085 nil
667 1053 772 1096 quasi
797 1053 843 1087 sit
860 1053 909 1085 nil
933 1063 1042 1085 eorum
1066 1063 1137 1096 quoe
1161 1053 1218 1085 sub
1241 1053 1348 1085 oculos
1371 1053 1491 1085 cadant
1520 1061 1599 1086 esse
1624 1062 1754 1087 veram.
1807 1054 1879 1088 lino
1901 1054 1999 1088 nulla
2022 1064 2172 1098 prorsus

277 1121 491 1167 cupiditate,
525 1121 776 1166 qualecunque
814 1120 848 1155 id
888 1121 933 1156 sit
966 1119 1064 1165 quod
1106 1130 1172 1155 nos
1211 1120 1255 1156 ad
1294 1120 1511 1165 cupiendum
1553 1126 1778 1165 permoveat,
1816 1123 1864 1156 ait
1901 1121 2068 1156 Horatius
2109 1132 2173 1157 nos

277 1190 492 1228 inflammari
517 1190 665 1233 debere,
703 1189 766 1225 sed
795 1189 970 1234 quidquid
995 1199 1145 1235 agamus
1171 1200 1313 1234 semper
1338 1191 1475 1226 ratione
1506 1196 1611 1235 atque
1647 1191 1838 1235 tranquilla
1865 1196 1980 1226 mente
2003 1191 2174 1226 utendum

277 1270 369 1296 esse.
405 1278 452 1285 —-
485 1257 530 1294 At
552 1259 631 1304 ipse
664 1258 909 1295 admirabatur
933 1258 1135 1305 Augustum
1161 1263 1194 1294 et
1219 1258 1448 1295 Maecenatem
1478 1264 1512 1295 et
1539 1260 1631 1295 alios
1655 1265 1843 1295 sexcentos
1872 1265 1978 1305 atque
2003 1262 2117 1307 magis
2144 1262 2177 1295 in

276 1330 466 1367 laudandis
492 1329 806 1375 praedicandisque
836 1330 1024 1365 virtutibus
1054 1330 1208 1365 aliorum
1236 1340 1343 1374 quam
1374 1332 1412 1365 in
1445 1332 1538 1366 vitiis
1567 1331 1786 1377 castigandis
1818 1333 1885 1366 sibi
1919 1332 2094 1375 placebat.
2128 1352 2175 1358 —-

275 1399 408 1438 Verum
441 1398 555 1435 dicis:
592 1408 678 1434 sane
705 1397 894 1443 Horatius,
933 1407 1005 1442 quo
1035 1402 1110 1434 erat
1140 1403 1173 1434 et
1201 1398 1357 1434 candore
1383 1400 1491 1434 animi
1527 1404 1560 1434 et
1587 1398 1722 1434 fervido
1748 1401 1915 1446 ingenio,
1955 1400 2169 1435 admirando

276 1470 409 1505 amicos
436 1477 634 1512 eorumque
659 1468 805 1503 virtutes
832 1469 1031 1512 saepissime
1065 1478 1166 1503 suam
1202 1469 1280 1512 ipse
1314 1468 1581 1512 philosophiam
1618 1471 1840 1515 impugnavit
1876 1475 1980 1513 atque
2020 1470 2174 1505 refellit:

276 1538 339 1575 sed
377 1542 451 1574 tum
487 1546 566 1573 cum
595 1536 687 1573 hanc
723 1536 912 1582 epistolam
939 1536 1118 1573 scribebat
1152 1537 1183 1574 si
1215 1547 1259 1573 ex
1295 1547 1337 1572 eo
1376 1538 1623 1582 qnaesivisses‚
1664 1543 1842 1574 vetaretne
1873 1549 1893 1574 a
1932 1540 2035 1575 nobis
2069 1540 2175 1574 etiam

277 1609 412 1643 amicos
443 1615 525 1641 cum
553 1606 619 1641 hac
651 1605 887 1641 admiratione
921 1606 1055 1649 amari,
1096 1615 1222 1641 novam
1258 1616 1358 1641 suam
1391 1606 1589 1641 doctrinam
1622 1608 1698 1652 ipse
1732 1607 1929 1643 admiratus
1961 1609 2038 1642 sine
2067 1607 2178 1642 dubio

278 1677 360 1712 Tibi
389 1676 638 1721 respondisset
674 1686 712 1711 se
749 1680 891 1711 vetare:
930 1686 974 1710 ue
1005 1678 1138 1711 amanti
1172 1675 1316 1720 quidem
1347 1676 1456 1711 licere
1488 1678 1535 1712 ita
1570 1678 1683 1712 ullum
1719 1678 1902 1713 hominem
1930 1678 2101 1712 admirari
2138 1684 2175 1713 ut

278 1746 571 1790 tranquillitatem
606 1745 716 1780 animi
741 1744 922 1789 perderet.
974 1743 1139 1779 Ceterum
1164 1754 1204 1779 ea
1223 1754 1302 1789 quae
1330 1746 1563 1790 subsequitur
1588 1746 1740 1790 epistola
1763 1746 1835 1791 Vll,
1863 1756 1969 1790 quam
1991 1747 2173 1781 Weberus

277 1814 402 1852 eodem
436 1824 532 1850 anno
567 1819 674 1859 atque
706 1819 843 1850 sextam
874 1814 1053 1850 existimat
1084 1815 1271 1861 scriptam,
1305 1814 1491 1850 Horatium
1522 1816 1608 1851 satis
1645 1816 1802 1851 ostendit
1832 1818 1938 1852 certis
1963 1815 2176 1861 quibusdam

275 1885 498 1929 temporibus
533 1893 577 1918 ne
615 1883 819 1918 Maecenatis
858 1882 1003 1927 quidem
1042 1888 1138 1918 tanta
1174 1883 1408 1919 admiratione
1446 1886 1579 1928 teneri,
1626 1886 1712 1929 quin
1751 1886 1795 1920 de
1842 1885 2057 1931 reponendis
2095 1886 2172 1928 eius

275 1954 381 1989 donis
405 1954 550 1999 cogitet.

467 2023 517 2057 lta
562 2022 593 2057 si
633 2022 913 2066 interpretamur
954 2022 1035 2057 illas
1076 2021 1324 2066 difficultates,
1373 2027 1407 2058 et
1444 2032 1523 2058 meo
1558 2024 1642 2067 Jure
1683 2024 1807 2059 videor
1845 2025 1897 2059 sic
1936 2024 2172 2068 interpretari,

276 2091 533 2127 sententiarum
566 2090 696 2134 quibus
727 2090 930 2125 continetur
958 2090 1035 2125 haec
1070 2090 1222 2134 epistola
1257 2090 1419 2126 ordinem
1456 2090 1552 2126 haud
1590 2092 1636 2127 ita
1671 2091 1853 2127 difficilem
1884 2102 1961 2128 esse
1992 2091 2173 2126 intellectu

275 2160 452 2195 existimo.
515 2159 632 2194 Facile
666 2160 856 2205 agnoveris
885 2159 992 2203 hujus
1031 2160 1192 2204 epistolae
1225 2166 1346 2204 partes
1376 2166 1460 2204 tres,
1498 2172 1650 2206 quarum
1686 2163 1801 2207 prima
1832 2173 1863 2197 v.
1890 2161 2025 2202 1-16,
2063 2162 2174 2195 altera

275 2240 307 2265 v.
337 2228 498 2272 17—27‚
534 2231 635 2264 tertia
669 2229 828 2274 reliquos
860 2229 1053 2265 contineat.
1106 2228 1156 2265 Ac
1180 2231 1297 2273 prima
1327 2232 1471 2275 quidem
1500 2232 1656 2268 ostendit
1681 2232 1845 2267 Horatius
1872 2231 2066 2266 cavendum
2094 2240 2172 2265 esse

273 2299 318 2334 ab
340 2298 448 2334 animi
477 2298 827 2345 perturbationibus,
854 2298 989 2343 quippe
1014 2298 1145 2343 quibus
1171 2298 1413 2344 impediamur
1448 2303 1640 2347 quominus
1677 2302 1729 2336 via
1764 2311 1804 2336 ac
1830 2301 1964 2335 ratione
1990 2309 2170 2335 summum

274 2368 408 2402 bouum
431 2368 577 2411 assequi
601 2368 834 2402 studeamus:
868 2368 978 2402 altera
998 2373 1115 2403 autem
1138 2373 1256 2412 parte,
1294 2376 1507 2414 argumento
1535 2372 1637 2414 quasi
1664 2370 1760 2414 quod
1783 2381 1824 2402 aa
1850 2371 2019 2401 contrario
2046 2369 2172 2402 dicunt

273 2444 387 2471 usus:
412 2445 458 2471 an
481 2445 548 2480 per
571 2446 697 2479 caecas,
714 2436 785 2480 ait,
811 2435 1022 2481 cupiditates
1048 2441 1155 2481 atque
1181 2437 1291 2472 animi
1315 2439 1604 2482 perturbationes
1633 2439 1675 2475 ad
1703 2447 1879 2474 summum
1907 2438 2043 2472 bonum
2064 2443 2171 2482 atque

274 2503 481 2539 felicitatem
508 2509 540 2539 te
564 2510 819 2549 perventurum
837 2515 915 2541 esse
941 2503 1095 2540 censes?
1145 2504 1234 2540 Nam
1258 2506 1355 2550 quod
1381 2517 1447 2551 per
1472 2509 1624 2543 ironiam
1648 2516 1712 2542 nos
1739 2506 1906 2541 admonet
1932 2511 1971 2540 ut
1996 2507 2171 2540 miremur

273 2574 445 2609 vilissima
479 2584 630 2620 quaeque
662 2580 697 2611 et
729 2586 762 2612 v.
794 2575 841 2611 27
871 2575 1097 2626 moriendum
1129 2576 1234 2610 uobis
1260 2586 1340 2612 esse
1370 2577 1494 2622 adjicit
1516 2578 1682 2621 bonaque
1714 2578 1833 2612 omnia
1872 2576 2170 2621 derelinquenda,

273 2647 395 2689 aperte
421 2642 526 2680 docet
555 2654 620 2690 per
649 2644 862 2690 cupiditates
893 2644 1044 2682 rationis
1076 2648 1239 2689 expertes
1267 2645 1312 2681 ad
1350 2655 1526 2683 summum
1561 2646 1693 2682 bonum
1726 2647 1905 2692 perveniri
1937 2655 2011 2682 non
2050 2656 2171 2692 posse.

275 2712 367 2748 Tum
398 2721 480 2747 vero
508 2715 680 2758 quoniam
705 2725 738 2750 v.
768 2715 908 2750 1—27
935 2716 1050 2760 primo
1080 2715 1174 2750 serio
1201 2715 1373 2759 loquutus
1406 2716 1532 2751 deinde
1558 2726 1623 2760 per
1648 2717 1799 2751 ironiam
1827 2717 1871 2751 ab
1899 2718 2010 2752 animi
2038 2723 2176 2762 pertur-

272 2782 476 2819 bationibus
500 2793 566 2819 nos
593 2785 782 2831 revocavit,
811 2786 912 2821 tertia
938 2784 1091 2830 denique
1114 2789 1213 2830 parte
1241 2785 1288 2820 ita
1317 2787 1468 2821 consilio
1493 2791 1526 2821 et
1549 2788 1687 2822 ratione
1707 2786 1881 2821 utendum
1908 2798 1986 2822 esse
2015 2790 2173 2832 exponit,

1941 2844 1959 2868 a
