2585 3173
1207 228 1436 315 88η,

357 416 436 460 ipsa
461 423 499 449 re
530 415 652 448 monet
682 420 726 447 ne
756 411 826 447 sibi
859 411 1036 447 habeatur
1067 414 1218 449 nimium
1249 414 1365 450 fidei?
1414 411 1614 448 Difficultas
1642 412 1754 459 igitur
1785 420 1851 446 cur
1875 412 1957 458 quis
1984 412 2121 450 dubitet
2153 414 2259 450 verba

357 490 466 517 tamen
490 482 729 526 adspiceinter
751 491 789 516 se
812 481 1004 525 conjuncta
1029 481 1175 517 credere
1200 484 1236 518 in
1262 484 1328 519 hac
1354 484 1475 528 potius
1504 493 1542 517 re
1573 486 1627 517 est
1649 482 1788 526 posita,
1826 481 1924 526 quod
1954 492 2026 517 uno
2061 483 2124 519 illo
2161 483 2258 528 quod

352 550 531 588 antecedit
549 550 659 586 verbo
685 550 858 595 primario
881 550 968 584 disco
991 550 1080 585 nihil
1104 559 1317 588 concessum
1342 556 1396 588 est
1418 551 1464 588 ad
1488 550 1584 597 quod
1611 555 1718 585 tamen
1740 550 1919 596 pertinere
1944 550 2123 588 videatur:
2147 553 2257 588 immo

349 621 452 666 jubet
471 626 576 665 poeta
602 618 762 655 Scaevam
789 619 950 655 discere:
987 621 1107 664 itaque
1136 626 1244 654 tamen
1272 631 1476 667 repugnare
1502 621 1664 656 videatur
1686 625 1810 655 contra
1833 620 1964 666 logica.
2016 620 2063 657 At
2086 620 2256 658 facillime

351 690 428 727 haec
465 687 660 725 difficultas
693 687 836 725 sublata
873 688 940 723 erit
976 688 1006 724 si
1045 688 1152 724 verba
1188 689 1240 725 sic
1273 689 1566 736 interpunxerisz
1604 688 1722 734 Disco,
1757 688 1917 724 docendus
1937 689 2133 737 adhucque
2155 695 2259 724 comet

349 761 521 793 amiculus.
578 759 621 791 Ut
641 759 671 791 si
696 769 795 792 coecus
812 761 876 791 iter
899 764 1084 791 monstrare
1105 760 1193 791 velit.
1245 759 1366 792 Tamen
1390 760 1523 802 adspice
1543 765 1600 792 etc.
1653 758 1796 795 Scilicet
1821 760 1928 794 verba
1956 765 1993 793 ut
2017 762 2048 793 si
2072 771 2173 794 caeous
2195 762 2259 793 iter

348 834 536 863 monstrare
559 828 635 862 velie
661 827 708 863 ita
734 826 858 872 adjicit
886 831 991 872 poeta
1025 826 1069 863 ad
1102 837 1180 864 eam
1216 836 1297 872 quae
1330 826 1508 863 antecedit
1543 826 1824 864 admonitionem
1860 832 1898 864 ut
1934 837 1979 864 ex
2016 837 2057 864 ea
2095 827 2258 874 suppleri

348 898 433 933 velit
462 902 567 931 censet
600 902 731 931 autem:
771 901 805 931 et
833 895 878 931 ad
911 896 1003 931 hanc
1036 897 1249 931 sententiam
1275 897 1478 932 absolutam
1503 901 1607 930 censet
1627 902 1735 931 autem
1759 904 1797 932 ut
1820 900 1851 932 ei
1873 909 1899 932 c.
1925 899 1949 931 i.
1972 909 2015 932 m.
2043 909 2073 932 v.
2100 898 2255 942 pertinet

346 966 436 1001 illud
465 971 582 999 tamen.

539 1034 613 1070 lam
647 1043 731 1069 vero
764 1035 922 1070 animum
957 1033 1124 1071 advertas
1157 1044 1281 1080 quaeso
1317 1034 1361 1071 ad
1400 1034 1508 1079 hujus
1546 1033 1709 1079 epistolae
1746 1036 1863 1072 finem.
1926 1036 1962 1072 ln
2000 1044 2072 1081 quo
2109 1033 2255 1081 quidem

346 1106 460 1140 miror
497 1104 595 1149 quod
635 1114 814 1149 nusquam
860 1104 1052 1139 offendisti.
1130 1104 1219 1140 Nam
1263 1114 1374 1149 quum
1410 1104 1500 1140 duas
1544 1104 1654 1139 totius
1692 1106 1855 1150 epistolae
1892 1104 2010 1151 partes
2046 1115 2126 1141 esse
2167 1106 2255 1141 satis

344 1178 535 1218 appareat,
573 1173 723 1208 alteram
758 1178 998 1217 exponentem
1033 1177 1151 1208 utrum
1184 1174 1311 1208 melius
1341 1175 1388 1208 sit
1421 1173 1567 1219 regibus
1597 1173 1649 1207 uti
1682 1183 1728 1208 an
1756 1183 1828 1209 non
1854 1175 1929 1217 uti,
1965 1175 2112 1210 alteram
2139 1183 2254 1218 pauca

344 1242 510 1288 quaedam
539 1247 720 1288 praecepta
750 1243 978 1278 exhibentem
1004 1241 1048 1278 de
1073 1243 1278 1288 principum
1305 1244 1462 1279 virorum
1488 1241 1771 1288 consuetudine,
1802 1252 1906 1279 nemo
1930 1248 2048 1280 tamen
2074 1243 2253 1289 explicare

344 1311 516 1358 dignatus
551 1316 605 1347 est
637 1311 822 1356 quomodo
857 1312 912 1347 hae
938 1311 1019 1347 duae
1050 1317 1170 1356 partes
1205 1313 1299 1347 inter
1319 1322 1357 1347 se
1384 1312 1600 1346 cohaereant.
1665 1310 1808 1346 Utinam
1842 1322 1885 1347 ex
1911 1322 1954 1348 eo
1983 1322 2151 1354 numero,
2191 1312 2253 1356 qui

343 1381 482 1417 Horatii
510 1381 726 1429 elegantiam
760 1386 868 1427 atque
895 1382 1172 1417 concinnitatem
1199 1381 1360 1427 quotidie
1385 1381 1540 1428 egregiis
1567 1379 1736 1417 laudibus
1764 1381 1938 1426 efferunt,
1975 1383 2080 1428 pauci
2106 1380 2252 1427 quidam

340 1451 526 1487 studerent
552 1452 597 1487 de
623 1454 884 1488 sententiarum
912 1451 1039 1487 ordine
1066 1461 1248 1497 exponere
1274 1457 1380 1496 atque
1399 1461 1471 1496 quo
1487 1451 1570 1496 Jure
1591 1451 1841 1487 bucinatorum
1861 1451 1991 1488 officiis
2015 1452 2254 1499 fungerentur

339 1520 549 1557 ostendere:
572 1521 635 1557 sed
661 1522 697 1557 id
722 1531 837 1569 genus
864 1521 1042 1565 homines,
1071 1530 1226 1566 quorum
1253 1521 1457 1566 exemplum
1483 1525 1518 1556 et
1540 1521 1618 1566 ipse
1642 1521 1748 1558 alters
1778 1530 1814 1566 p.
1842 1523 1910 1557 143
1930 1521 2250 1566 jucundissimum,

338 1592 460 1625 omnia
485 1591 593 1627 licere
619 1593 736 1636 poetis
761 1593 959 1637 opinantur
985 1601 1120 1636 eosque
1147 1597 1243 1627 vates
1270 1591 1446 1636 quosdam
1473 1601 1552 1627 esse
1577 1592 1640 1636 qui
1664 1590 1815 1627 confuse
1842 1601 1884 1626 ac
1904 1592 2081 1636 permixte
2107 1590 2250 1636 quidvis

338 1659 575 1695 bariolentur.
624 1660 755 1696 Nostro
781 1665 899 1696 autem
926 1660 1026 1704 loco,
1067 1662 1269 1705 cuicunque
1296 1660 1499 1705 paullulum
1526 1669 1624 1695 sanae
1650 1660 1779 1695 mentis
1807 1664 1880 1703 est,
1907 1669 1980 1694 non
2016 1664 2135 1705 potest
2159 1660 2248 1704 quin

339 1738 358 1763 a
383 1739 413 1762 v.
445 1730 493 1763 42
520 1728 564 1764 ad
591 1740 622 1764 v.
644 1732 691 1765 43
716 1730 805 1764 adeo
829 1730 1090 1774 praecipitatum
1118 1739 1197 1764 esse
1222 1731 1362 1771 sentiat,
1390 1734 1520 1763 utnon
1542 1728 1650 1763 modo
1674 1730 1839 1763 transitio
1866 1728 1928 1763 sed
1957 1738 2001 1763 ne
2026 1729 2248 1763 continuatio

337 1798 485 1841 quidem
522 1800 783 1833 sententiarum
822 1803 1006 1842 appareat.
1051 1798 1196 1833 .Verum
1236 1804 1290 1834 est
1327 1810 1367 1833 ac
1406 1801 1492 1834 satis
1533 1803 1673 1833 constat
1706 1799 1822 1842 poetis
1854 1798 1962 1833 licere
1993 1798 2137 1833 omissis
2174 1797 2247 1832 illis

336 1867 541 1912 particulis,
584 1865 716 1913 quibus
751 1866 948 1912 scriptores
975 1866 1153 1912 pedestris
1181 1868 1356 1903 orationis
1383 1868 1418 1903 in
1447 1866 1721 1903 transitionibus
1746 1870 1915 1912 utuntur,
1951 1875 2008 1902 res
2030 1866 2128 1911 ipsas
2155 1865 2248 1900 inter

333 1946 372 1971 se
394 1937 574 1982 Jungere:
617 1941 651 1971 et
683 1937 853 1971 Horatius
884 1936 1050 1980 quidem,
1090 1937 1379 1981 quandocunque
1412 1937 1570 1972 fabulam
1607 1937 1764 1980 aliquam
1794 1937 1848 1970 vel
1877 1936 2182 1970 narratiunculam
2207 1936 2245 1970 in

333 2006 491 2043 medium
534 2005 673 2053 profert
718 2006 763 2043 ad
801 2005 1054 2043 illustrandam
1099 2006 1255 2052 aliquam
1297 2007 1509 2043 sententiam
1555 2011 1617 2043 aut
1665 2006 1852 2052 complura
1892 2004 2054 2051 ejusdem
2100 2003 2245 2052 generis

333 2078 492 2112 membra
519 2087 562 2112 ex
587 2077 715 2112 ordine
742 2077 917 2122 collocat,
953 2086 1023 2121 qua
1051 2081 1105 2111 est
1137 2075 1315 2111 celeritate
1350 2077 1507 2123 ingenii,
1546 2086 1613 2112 suo
1640 2077 1724 2121 jure
1758 2086 1802 2111 ex
1827 2076 2014 2119 inopinato
2046 2075 2245 2119 saepissime

332 2147 488 2181 transilit
518 2148 639 2191 potius
662 2157 769 2191 quam
803 2148 933 2181 transit
966 2147 1011 2181 ab
1046 2156 1117 2181 11113
1150 2151 1251 2190 parte
1282 2146 1326 2180 ad
1359 2147 1505 2181 alteram
1536 2151 1574 2181 ut
1608 2145 1844 2190 obstupefacti
1869 2147 1972 2189 quasi
1997 2154 2038 2179 ac
2063 2144 2244 2189 perterriti

331 2218 449 2261 primo
490 2226 562 2252 non
600 2216 846 2263 intelligamus
889 2226 960 2261 quo
996 2225 1062 2251 nos
1098 2215 1334 2260 perduxerit:
1369 2224 1492 2250 verum
1522 2216 1805 2260 quotiescunque
1841 2226 1859 2250 3
1893 2214 2054 2261 generali
2086 2213 2242 2259 quadam

332 2287 508 2321 sententia
547 2288 675 2322 transit
712 2286 756 2322 ad
796 2295 855 2321 eas
890 2296 971 2331 quae
1007 2286 1059 2321 1111
1098 2285 1269 2329 subjectae
1309 2289 1413 2327 sunt,
1453 2294 1523 2330 qua
1563 2289 1615 2320 est
1650 2295 1737 2319 sana
1772 2289 1906 2327 mente,
1944 2283 2087 2319 disertis
2125 2283 2242 2318 verbis

332 2357 558 2392 transitionis
584 2366 650 2393 nos
676 2357 965 2393 commonefacit.
1017 2357 1150 2401 ltaque,
1174 2356 1345 2400 quoniam
1375 2354 1536 2390 absoluta
1564 2355 1763 2400 quaestione
1786 2359 1902 2389 utrum
1927 2358 2073 2398 praestet
2094 2351 2241 2398 regibus

332 2427 383 2460 uti
417 2436 462 2460 an
495 2435 567 2460 non
603 2427 652 2460 uti
688 2431 869 2471 praecepta
902 2427 988 2461 dare
1020 2430 1125 2470 parat
1151 2425 1195 2460 de
1224 2426 1362 2459 ratione
1388 2424 1509 2458 utendi
1543 2423 1791 2459 desideramus
1818 2423 1923 2458 talem
1950 2422 2025 2457 fere
2051 2421 2239 2455 transitum

329 2496 448 2540 qualis
486 2496 544 2531 hic
576 2495 689 2533 foret:
730 2496 827 2531 Nunc
856 2508 914 2540 αρε
944 2509 1007 2541 qua
1036 2497 1144 2541 possis
1174 2497 1226 2530 uti
1256 2495 1434 2539 majoribus
1471 2493 1559 2528 audi.
1608 2493 1738 2529 Verum
1769 2498 1844 2529 esto
1881 2503 1947 2538 per
1982 2490 2238 2538 negligentiam

328 2565 511 2610 quandam
544 2565 639 2601 hunc
668 2576 808 2601 versum
841 2566 1009 2601 omisisse
1040 2565 1253 2600 Horatium:
1287 2564 1348 2608 qui
1380 2563 1522 2599 tandem
1554 2562 1684 2598 accidit
1711 2568 1748 2597 ut
1773 2562 1816 2597 de
1847 2564 1890 2597 iis
1924 2565 2059 2596 tantum
2102 2560 2237 2596 artibus

328 2636 461 2680 quibus
506 2636 588 2681 quis
630 2646 650 2672 a
693 2636 891 2680 majoribus
934 2634 1026 2671 ferat
1069 2635 1165 2671 dona
1211 2631 1396 2679 exponat?
1458 2633 1545 2669 Nam
1590 2633 1700 2669 multa
1744 2636 1917 2678 practerea
1956 2630 1992 2665 in
2031 2630 2236 2675 principum

328 2706 589 2741 consuetudine
615 2706 840 2742 observanda
861 2716 940 2741 esse
966 2711 999 2741 et
1021 2716 1087 2751 per
1114 2716 1153 2741 se
1180 2704 1409 2740 manifestum
1435 2708 1488 2738 est
1512 2710 1545 2738 et
1570 2707 1720 2748 apparet
1752 2712 1794 2736 ex
1818 2700 1969 2744 epistola
1994 2698 2116 2734 XVlll.
2169 2698 2234 2734 Hic

327 2776 515 2812 Orellius:
542 2777 612 2812 lam
639 2787 680 2811 ex
708 2776 844 2821 multis,
867 2776 1002 2820 inquit,
1028 2776 1220 2821 praeceptis
1246 2784 1326 2819 quae
1352 2773 1438 2810 dare
1465 2777 1605 2818 poterat
1630 2781 1745 2818 pauca
1771 2769 1939 2815 quaedam
1966 2768 2028 2805 sed
2052 2769 2234 2815 praecipua

325 2845 511 2892 (pudoris,
539 2845 744 2891 modestiae,
770 2846 990 2892 prudentiae)
1018 2846 1133 2881 amico
1160 2845 1328 2880 inculcat.
1354 2863 1397 2870 —
1423 2842 1563 2878 Audiot
1598 2841 1661 2876 sed
1690 2850 1755 2875 cur
1779 2838 1921 2875 tandem
1948 2838 2022 2874 haec
2048 2839 2231 2883 praecipua
