<?xml version="1.0" encoding="UTF-8"?>
<!DOCTYPE html PUBLIC "-//W3C//DTD XHTML 1.0 Transitional//EN"
    "http://www.w3.org/TR/xhtml1/DTD/xhtml1-transitional.dtd">
<html xmlns="http://www.w3.org/1999/xhtml" xml:lang="en" lang="en">
 <head>
  <title>
</title>
<meta http-equiv="Content-Type" content="text/html;charset=utf-8" />
  <meta name='ocr-system' content='tesseract 3.04.00' />
  <meta name='ocr-capabilities' content='ocr_page ocr_carea ocr_par ocr_line ocrx_word'/>
</head>
<body>
  <div class='ocr_page' id='page_1' title='image "./4775958_0024.png"; bbox 0 0 2585 3173; ppageno 0'>
   <div class='ocr_carea' id='block_1_1' title="bbox 1258 177 1405 258">
    <p class='ocr_par' dir='ltr' id='par_1_1' title="bbox 1258 177 1405 258">
     <span class='ocr_line' id='line_1_1' title="bbox 1258 177 1405 258; baseline 0.007 -41"><span class='ocrx_word' id='word_1_1' title='bbox 1258 177 1405 258; x_wconf 55' lang='grc' dir='ltr'>16Ο</span> 
     </span>
    </p>
   </div>
   <div class='ocr_carea' id='block_1_2' title="bbox 312 355 2237 2839">
    <p class='ocr_par' dir='ltr' id='par_1_2' title="bbox 328 355 2237 471">
     <span class='ocr_line' id='line_1_2' title="bbox 329 355 2237 407; baseline 0.003 -14"><span class='ocrx_word' id='word_1_2' title='bbox 329 366 401 393; x_wconf 91' lang='lat' dir='ltr'>non</span> <span class='ocrx_word' id='word_1_3' title='bbox 439 356 543 392; x_wconf 89' lang='lat' dir='ltr'>video</span> <span class='ocrx_word' id='word_1_4' title='bbox 579 355 665 401; x_wconf 89' lang='lat' dir='ltr'>quid</span> <span class='ocrx_word' id='word_1_5' title='bbox 703 356 747 392; x_wconf 90' lang='lat' dir='ltr'>ad</span> <span class='ocrx_word' id='word_1_6' title='bbox 786 356 1049 404; x_wconf 84' lang='lat' dir='ltr'>expediendum</span> <span class='ocrx_word' id='word_1_7' title='bbox 1088 363 1252 395; x_wconf 82' lang='lat' dir='ltr'>nostrum</span> <span class='ocrx_word' id='word_1_8' title='bbox 1290 360 1409 396; x_wconf 91' lang='lat' dir='ltr'>locum</span> <span class='ocrx_word' id='word_1_9' title='bbox 1437 360 1557 405; x_wconf 89' lang='lat' dir='ltr'>aptius</span> <span class='ocrx_word' id='word_1_10' title='bbox 1596 359 1653 395; x_wconf 90' lang='lat' dir='ltr'>sit.</span> <span class='ocrx_word' id='word_1_11' title='bbox 1706 357 1795 394; x_wconf 90' lang='lat' dir='ltr'>Nam</span> <span class='ocrx_word' id='word_1_12' title='bbox 1834 359 1896 404; x_wconf 85' lang='lat' dir='ltr'>qui</span> <span class='ocrx_word' id='word_1_13' title='bbox 1927 357 2065 396; x_wconf 85' lang='lat' dir='ltr'>ducunt</span> <span class='ocrx_word' id='word_1_14' title='bbox 2103 358 2237 407; x_wconf 79' lang='lat' dir='ltr'>funem,</span> 
     </span>
     <span class='ocr_line' id='line_1_3' title="bbox 328 427 1051 471; baseline 0.001 -10"><span class='ocrx_word' id='word_1_15' title='bbox 328 427 529 471; x_wconf 88' lang='lat' dir='ltr'>imperant:</span> <span class='ocrx_word' id='word_1_16' title='bbox 562 427 723 461; x_wconf 84' lang='lat' dir='ltr'>serviunt</span> <span class='ocrx_word' id='word_1_17' title='bbox 749 428 809 471; x_wconf 91' lang='lat' dir='ltr'>qui</span> <span class='ocrx_word' id='word_1_18' title='bbox 835 433 1051 471; x_wconf 86' lang='lat' dir='ltr'>sequuntur.</span> 
     </span>
    </p>

    <p class='ocr_par' dir='ltr' id='par_1_3' title="bbox 319 492 2237 1863">
     <span class='ocr_line' id='line_1_4' title="bbox 521 492 2237 543; baseline 0.002 -13"><span class='ocrx_word' id='word_1_19' title='bbox 521 492 591 530; x_wconf 88' lang='lat' dir='ltr'>Sed</span> <span class='ocrx_word' id='word_1_20' title='bbox 620 495 741 531; x_wconf 90' lang='lat' dir='ltr'>missis</span> <span class='ocrx_word' id='word_1_21' title='bbox 776 496 831 530; x_wconf 89' lang='lat' dir='ltr'>his</span> <span class='ocrx_word' id='word_1_22' title='bbox 863 497 1159 542; x_wconf 83' lang='lat' dir='ltr'><strong>ambiguitatibus</strong></span> <span class='ocrx_word' id='word_1_23' title='bbox 1195 499 1231 532; x_wconf 93' lang='lat' dir='ltr'>in</span> <span class='ocrx_word' id='word_1_24' title='bbox 1267 498 1397 542; x_wconf 89' lang='lat' dir='ltr'>quibus</span> <span class='ocrx_word' id='word_1_25' title='bbox 1430 507 1572 543; x_wconf 84' lang='lat' dir='ltr'>semper</span> <span class='ocrx_word' id='word_1_26' title='bbox 1605 497 1805 542; x_wconf 89' lang='lat' dir='ltr'>periculum</span> <span class='ocrx_word' id='word_1_27' title='bbox 1847 496 1894 532; x_wconf 92' lang='lat' dir='ltr'>sit</span> <span class='ocrx_word' id='word_1_28' title='bbox 1928 506 1973 532; x_wconf 91' lang='lat' dir='ltr'>ne</span> <span class='ocrx_word' id='word_1_29' title='bbox 2008 497 2100 533; x_wconf 86' lang='lat' dir='ltr'>alius</span> <span class='ocrx_word' id='word_1_30' title='bbox 2140 498 2237 534; x_wconf 92' lang='lat' dir='ltr'>aliud</span> 
     </span>
     <span class='ocr_line' id='line_1_5' title="bbox 326 563 2236 611; baseline 0.002 -12"><span class='ocrx_word' id='word_1_31' title='bbox 326 564 444 608; x_wconf 82' lang='lat' dir='ltr'>malit,</span> <span class='ocrx_word' id='word_1_32' title='bbox 476 563 725 599; x_wconf 90' lang='lat' dir='ltr'>demonstrare</span> <span class='ocrx_word' id='word_1_33' title='bbox 747 564 833 608; x_wconf 85' lang='lat' dir='ltr'>quid</span> <span class='ocrx_word' id='word_1_34' title='bbox 862 575 983 600; x_wconf 88' lang='lat' dir='ltr'>verum</span> <span class='ocrx_word' id='word_1_35' title='bbox 1008 566 1055 601; x_wconf 90' lang='lat' dir='ltr'>sit</span> <span class='ocrx_word' id='word_1_36' title='bbox 1081 567 1196 611; x_wconf 87' lang='lat' dir='ltr'>possit</span> <span class='ocrx_word' id='word_1_37' title='bbox 1220 576 1348 610; x_wconf 90' lang='lat' dir='ltr'>nemo,</span> <span class='ocrx_word' id='word_1_38' title='bbox 1381 567 1565 602; x_wconf 85' lang='lat' dir='ltr'>veniamus</span> <span class='ocrx_word' id='word_1_39' title='bbox 1592 566 1637 601; x_wconf 91' lang='lat' dir='ltr'>ad</span> <span class='ocrx_word' id='word_1_40' title='bbox 1664 565 1775 611; x_wconf 86' lang='lat' dir='ltr'><strong>Epist.</strong></span> <span class='ocrx_word' id='word_1_41' title='bbox 1799 565 1878 600; x_wconf 83' lang='lat' dir='ltr'>xm</span> <span class='ocrx_word' id='word_1_42' title='bbox 1903 566 1939 600; x_wconf 89' lang='lat' dir='ltr'>in</span> <span class='ocrx_word' id='word_1_43' title='bbox 1967 575 2057 610; x_wconf 86' lang='lat' dir='ltr'>qua,</span> <span class='ocrx_word' id='word_1_44' title='bbox 2093 567 2125 602; x_wconf 87' lang='lat' dir='ltr'>si</span> <span class='ocrx_word' id='word_1_45' title='bbox 2150 566 2236 611; x_wconf 87' lang='lat' dir='ltr'>quid</span> 
     </span>
     <span class='ocr_line' id='line_1_6' title="bbox 326 633 2236 682; baseline 0.002 -14"><span class='ocrx_word' id='word_1_46' title='bbox 326 633 449 677; x_wconf 78' lang='lat' dir='ltr'>video,</span> <span class='ocrx_word' id='word_1_47' title='bbox 496 633 672 669; x_wconf 88' lang='lat' dir='ltr'>nonnulla</span> <span class='ocrx_word' id='word_1_48' title='bbox 705 643 831 680; x_wconf 89' lang='lat' dir='ltr'>parum</span> <span class='ocrx_word' id='word_1_49' title='bbox 867 634 1042 680; x_wconf 87' lang='lat' dir='ltr'>explicata</span> <span class='ocrx_word' id='word_1_50' title='bbox 1078 635 1281 681; x_wconf 87' lang='lat' dir='ltr'>reliqueris.</span> <span class='ocrx_word' id='word_1_51' title='bbox 1346 635 1396 672; x_wconf 87' lang='lat' dir='ltr'>Ac</span> <span class='ocrx_word' id='word_1_52' title='bbox 1429 637 1586 682; x_wconf 85' lang='lat' dir='ltr'>primum</span> <span class='ocrx_word' id='word_1_53' title='bbox 1619 635 1763 680; x_wconf 85' lang='lat' dir='ltr'>quidem</span> <span class='ocrx_word' id='word_1_54' title='bbox 1797 633 1979 680; x_wconf 82' lang='lat' dir='ltr'>quodTu</span> <span class='ocrx_word' id='word_1_55' title='bbox 2013 644 2085 671; x_wconf 90' lang='lat' dir='ltr'>non</span> <span class='ocrx_word' id='word_1_56' title='bbox 2117 646 2236 672; x_wconf 83' lang='lat' dir='ltr'>veram</span> 
     </span>
     <span class='ocr_line' id='line_1_7' title="bbox 326 704 2236 749; baseline 0.002 -12"><span class='ocrx_word' id='word_1_57' title='bbox 326 704 516 748; x_wconf 86' lang='lat' dir='ltr'>epistolam</span> <span class='ocrx_word' id='word_1_58' title='bbox 543 704 636 738; x_wconf 88' lang='lat' dir='ltr'>hanc</span> <span class='ocrx_word' id='word_1_59' title='bbox 663 713 742 738; x_wconf 92' lang='lat' dir='ltr'>esse</span> <span class='ocrx_word' id='word_1_60' title='bbox 770 704 846 747; x_wconf 84' lang='lat' dir='ltr'>ais,</span> <span class='ocrx_word' id='word_1_61' title='bbox 872 705 935 739; x_wconf 89' lang='lat' dir='ltr'>sed</span> <span class='ocrx_word' id='word_1_62' title='bbox 963 710 1179 749; x_wconf 82' lang='lat' dir='ltr'>praesentem</span> <span class='ocrx_word' id='word_1_63' title='bbox 1207 705 1344 741; x_wconf 82' lang='lat' dir='ltr'>Horatii</span> <span class='ocrx_word' id='word_1_64' title='bbox 1366 715 1446 740; x_wconf 91' lang='lat' dir='ltr'>cum</span> <span class='ocrx_word' id='word_1_65' title='bbox 1470 705 1577 741; x_wconf 91' lang='lat' dir='ltr'>Vinio</span> <span class='ocrx_word' id='word_1_66' title='bbox 1603 713 1826 747; x_wconf 87' lang='lat' dir='ltr'>sermonem,</span> <span class='ocrx_word' id='word_1_67' title='bbox 1852 704 2081 739; x_wconf 84' lang='lat' dir='ltr'>veliementer</span> <span class='ocrx_word' id='word_1_68' title='bbox 2104 714 2124 740; x_wconf 86' lang='lat' dir='ltr'>a</span> <span class='ocrx_word' id='word_1_69' title='bbox 2152 714 2236 740; x_wconf 90' lang='lat' dir='ltr'>vero</span> 
     </span>
     <span class='ocr_line' id='line_1_8' title="bbox 327 771 2235 821; baseline 0.001 -13"><span class='ocrx_word' id='word_1_70' title='bbox 327 772 378 808; x_wconf 92' lang='lat' dir='ltr'>Te</span> <span class='ocrx_word' id='word_1_71' title='bbox 402 773 591 809; x_wconf 86' lang='lat' dir='ltr'>aberrasse</span> <span class='ocrx_word' id='word_1_72' title='bbox 625 783 840 817; x_wconf 89' lang='lat' dir='ltr'>persuasum</span> <span class='ocrx_word' id='word_1_73' title='bbox 869 773 997 810; x_wconf 85' lang='lat' dir='ltr'>habeo.</span> <span class='ocrx_word' id='word_1_74' title='bbox 1059 773 1202 811; x_wconf 87' lang='lat' dir='ltr'>Scilicet</span> <span class='ocrx_word' id='word_1_75' title='bbox 1233 775 1287 810; x_wconf 94' lang='lat' dir='ltr'>Tu</span> <span class='ocrx_word' id='word_1_76' title='bbox 1324 774 1429 821; x_wconf 85' lang='lat' dir='ltr'>fingis</span> <span class='ocrx_word' id='word_1_77' title='bbox 1459 773 1647 810; x_wconf 83' lang='lat' dir='ltr'>Horatium</span> <span class='ocrx_word' id='word_1_78' title='bbox 1678 783 1758 809; x_wconf 85' lang='lat' dir='ltr'>cum</span> <span class='ocrx_word' id='word_1_79' title='bbox 1784 771 1892 810; x_wconf 85' lang='lat' dir='ltr'>Vinio</span> <span class='ocrx_word' id='word_1_80' title='bbox 1922 774 1998 818; x_wconf 83' lang='lat' dir='ltr'>jam</span> <span class='ocrx_word' id='word_1_81' title='bbox 2033 784 2100 819; x_wconf 86' lang='lat' dir='ltr'>per</span> <span class='ocrx_word' id='word_1_82' title='bbox 2122 778 2235 810; x_wconf 85' lang='lat' dir='ltr'>totum</span> 
     </span>
     <span class='ocr_line' id='line_1_9' title="bbox 326 841 2235 890; baseline 0.001 -13"><span class='ocrx_word' id='word_1_83' title='bbox 326 841 421 878; x_wconf 90' lang='lat' dir='ltr'>diem</span> <span class='ocrx_word' id='word_1_84' title='bbox 465 852 538 887; x_wconf 90' lang='lat' dir='ltr'>quo</span> <span class='ocrx_word' id='word_1_85' title='bbox 569 842 629 877; x_wconf 90' lang='lat' dir='ltr'>ille</span> <span class='ocrx_word' id='word_1_86' title='bbox 666 843 735 877; x_wconf 85' lang='lat' dir='ltr'>iter</span> <span class='ocrx_word' id='word_1_87' title='bbox 772 845 950 888; x_wconf 79' lang='lat' dir='ltr'>paraverit</span> <span class='ocrx_word' id='word_1_88' title='bbox 979 844 1197 879; x_wconf 89' lang='lat' dir='ltr'>collocutum</span> <span class='ocrx_word' id='word_1_89' title='bbox 1234 845 1314 889; x_wconf 90' lang='lat' dir='ltr'>ipso</span> <span class='ocrx_word' id='word_1_90' title='bbox 1348 843 1586 890; x_wconf 82' lang='lat' dir='ltr'>profectionis</span> <span class='ocrx_word' id='word_1_91' title='bbox 1620 848 1800 879; x_wconf 87' lang='lat' dir='ltr'>momento</span> <span class='ocrx_word' id='word_1_92' title='bbox 1835 844 1868 879; x_wconf 90' lang='lat' dir='ltr'>ei</span> <span class='ocrx_word' id='word_1_93' title='bbox 1899 843 2020 879; x_wconf 88' lang='lat' dir='ltr'>omnia</span> <span class='ocrx_word' id='word_1_94' title='bbox 2051 852 2132 888; x_wconf 87' lang='lat' dir='ltr'>quae</span> <span class='ocrx_word' id='word_1_95' title='bbox 2159 843 2235 887; x_wconf 88' lang='lat' dir='ltr'>jam</span> 
     </span>
     <span class='ocr_line' id='line_1_10' title="bbox 326 911 2236 959; baseline -0.001 -11"><span class='ocrx_word' id='word_1_96' title='bbox 326 917 430 948; x_wconf 89' lang='lat' dir='ltr'>antea</span> <span class='ocrx_word' id='word_1_97' title='bbox 457 911 681 947; x_wconf 86' lang='lat' dir='ltr'>mandaverit</span> <span class='ocrx_word' id='word_1_98' title='bbox 705 913 929 958; x_wconf 88' lang='lat' dir='ltr'>gravissimis</span> <span class='ocrx_word' id='word_1_99' title='bbox 956 914 1072 949; x_wconf 89' lang='lat' dir='ltr'>verbis</span> <span class='ocrx_word' id='word_1_100' title='bbox 1097 920 1282 959; x_wconf 86' lang='lat' dir='ltr'>repetere:</span> <span class='ocrx_word' id='word_1_101' title='bbox 1322 916 1442 958; x_wconf 89' lang='lat' dir='ltr'>itaque</span> <span class='ocrx_word' id='word_1_102' title='bbox 1468 914 1624 958; x_wconf 89' lang='lat' dir='ltr'>primum</span> <span class='ocrx_word' id='word_1_103' title='bbox 1653 924 1795 949; x_wconf 87' lang='lat' dir='ltr'>versum</span> <span class='ocrx_word' id='word_1_104' title='bbox 1820 914 1872 949; x_wconf 90' lang='lat' dir='ltr'>sic</span> <span class='ocrx_word' id='word_1_105' title='bbox 1897 913 2169 958; x_wconf 86' lang='lat' dir='ltr'>interpretaris:</span> <span class='ocrx_word' id='word_1_106' title='bbox 2199 918 2236 946; x_wconf 75' lang='lat' dir='ltr'>ut</span> 
     </span>
     <span class='ocr_line' id='line_1_11' title="bbox 324 981 2235 1028; baseline 0.001 -15"><span class='ocrx_word' id='word_1_107' title='bbox 324 981 418 1014; x_wconf 80' lang='lat' dir='ltr'>hodie</span> <span class='ocrx_word' id='word_1_108' title='bbox 461 991 555 1014; x_wconf 83' lang='lat' dir='ltr'>mane</span> <span class='ocrx_word' id='word_1_109' title='bbox 587 992 685 1027; x_wconf 81' lang='lat' dir='ltr'>quum</span> <span class='ocrx_word' id='word_1_110' title='bbox 715 981 880 1027; x_wconf 80' lang='lat' dir='ltr'>proficisci</span> <span class='ocrx_word' id='word_1_111' title='bbox 912 983 1059 1027; x_wconf 73' lang='lat' dir='ltr'>parabas</span> <span class='ocrx_word' id='word_1_112' title='bbox 1097 983 1192 1016; x_wconf 80' lang='lat' dir='ltr'>docui</span> <span class='ocrx_word' id='word_1_113' title='bbox 1231 987 1260 1016; x_wconf 87' lang='lat' dir='ltr'>te</span> <span class='ocrx_word' id='word_1_114' title='bbox 1296 993 1379 1028; x_wconf 62' lang='grc' dir='ltr'>ωερε</span> <span class='ocrx_word' id='word_1_115' title='bbox 1418 983 1543 1027; x_wconf 75' lang='lat' dir='ltr'>diuque.</span> <span class='ocrx_word' id='word_1_116' title='bbox 1592 981 1682 1018; x_wconf 86' lang='lat' dir='ltr'>Nam</span> <span class='ocrx_word' id='word_1_117' title='bbox 1722 981 1954 1027; x_wconf 80' lang='lat' dir='ltr'>Participium</span> <span class='ocrx_word' id='word_1_118' title='bbox 1979 982 2235 1028; x_wconf 73' lang='lat' dir='ltr'>proficiscentem</span> 
     </span>
     <span class='ocr_line' id='line_1_12' title="bbox 324 1050 2235 1098; baseline 0.001 -12"><span class='ocrx_word' id='word_1_119' title='bbox 324 1050 369 1086; x_wconf 90' lang='lat' dir='ltr'>ad</span> <span class='ocrx_word' id='word_1_120' title='bbox 401 1055 512 1086; x_wconf 91' lang='lat' dir='ltr'>totum</span> <span class='ocrx_word' id='word_1_121' title='bbox 540 1051 656 1095; x_wconf 85' lang='lat' dir='ltr'>diem,</span> <span class='ocrx_word' id='word_1_122' title='bbox 696 1061 768 1096; x_wconf 93' lang='lat' dir='ltr'>quo</span> <span class='ocrx_word' id='word_1_123' title='bbox 806 1050 934 1087; x_wconf 87' lang='lat' dir='ltr'>Vinius</span> <span class='ocrx_word' id='word_1_124' title='bbox 968 1053 1036 1087; x_wconf 80' lang='lat' dir='ltr'>iter</span> <span class='ocrx_word' id='word_1_125' title='bbox 1074 1054 1274 1097; x_wconf 86' lang='lat' dir='ltr'>paraverit,</span> <span class='ocrx_word' id='word_1_126' title='bbox 1312 1054 1494 1098; x_wconf 87' lang='lat' dir='ltr'>pertinere</span> <span class='ocrx_word' id='word_1_127' title='bbox 1526 1062 1635 1098; x_wconf 89' lang='lat' dir='ltr'>posse</span> <span class='ocrx_word' id='word_1_128' title='bbox 1671 1058 1790 1097; x_wconf 85' lang='lat' dir='ltr'>putas.</span> <span class='ocrx_word' id='word_1_129' title='bbox 1832 1052 1885 1087; x_wconf 89' lang='lat' dir='ltr'>.Et</span> <span class='ocrx_word' id='word_1_130' title='bbox 1913 1052 1949 1088; x_wconf 90' lang='lat' dir='ltr'>id</span> <span class='ocrx_word' id='word_1_131' title='bbox 1974 1052 2118 1097; x_wconf 87' lang='lat' dir='ltr'>quidem</span> <span class='ocrx_word' id='word_1_132' title='bbox 2157 1062 2235 1088; x_wconf 89' lang='lat' dir='ltr'>rec-</span> 
     </span>
     <span class='ocr_line' id='line_1_13' title="bbox 325 1120 2234 1167; baseline 0.001 -11"><span class='ocrx_word' id='word_1_133' title='bbox 325 1121 460 1157; x_wconf 86' lang='lat' dir='ltr'>tissime</span> <span class='ocrx_word' id='word_1_134' title='bbox 495 1122 649 1157; x_wconf 84' lang='lat' dir='ltr'>statuis:</span> <span class='ocrx_word' id='word_1_135' title='bbox 688 1121 794 1157; x_wconf 88' lang='lat' dir='ltr'>etiam</span> <span class='ocrx_word' id='word_1_136' title='bbox 820 1120 903 1166; x_wconf 90' lang='lat' dir='ltr'>plus</span> <span class='ocrx_word' id='word_1_137' title='bbox 933 1121 1170 1158; x_wconf 83' lang='lat' dir='ltr'>libentissime</span> <span class='ocrx_word' id='word_1_138' title='bbox 1193 1122 1275 1159; x_wconf 87' lang='lat' dir='ltr'>Tibi</span> <span class='ocrx_word' id='word_1_139' title='bbox 1303 1122 1548 1159; x_wconf 89' lang='lat' dir='ltr'>concedimus.</span> <span class='ocrx_word' id='word_1_140' title='bbox 1613 1121 1780 1158; x_wconf 85' lang='lat' dir='ltr'>Fortasse</span> <span class='ocrx_word' id='word_1_141' title='bbox 1812 1121 1939 1158; x_wconf 88' lang='lat' dir='ltr'>Vinius</span> <span class='ocrx_word' id='word_1_142' title='bbox 1969 1121 2044 1167; x_wconf 87' lang='lat' dir='ltr'>jam</span> <span class='ocrx_word' id='word_1_143' title='bbox 2075 1122 2234 1167; x_wconf 89' lang='lat' dir='ltr'>quinque</span> 
     </span>
     <span class='ocr_line' id='line_1_14' title="bbox 325 1190 2235 1238; baseline 0 -12"><span class='ocrx_word' id='word_1_144' title='bbox 325 1190 453 1226; x_wconf 91' lang='lat' dir='ltr'>diebus</span> <span class='ocrx_word' id='word_1_145' title='bbox 486 1196 568 1227; x_wconf 92' lang='lat' dir='ltr'>ante</span> <span class='ocrx_word' id='word_1_146' title='bbox 603 1193 839 1228; x_wconf 89' lang='lat' dir='ltr'>constituerat</span> <span class='ocrx_word' id='word_1_147' title='bbox 868 1191 1015 1227; x_wconf 85' lang='lat' dir='ltr'>Romam</span> <span class='ocrx_word' id='word_1_148' title='bbox 1041 1194 1093 1228; x_wconf 92' lang='lat' dir='ltr'>ire</span> <span class='ocrx_word' id='word_1_149' title='bbox 1121 1198 1155 1228; x_wconf 92' lang='lat' dir='ltr'>et</span> <span class='ocrx_word' id='word_1_150' title='bbox 1178 1203 1242 1237; x_wconf 85' lang='lat' dir='ltr'>per</span> <span class='ocrx_word' id='word_1_151' title='bbox 1267 1198 1381 1228; x_wconf 92' lang='lat' dir='ltr'>totum</span> <span class='ocrx_word' id='word_1_152' title='bbox 1407 1193 1478 1227; x_wconf 88' lang='lat' dir='ltr'>hoc</span> <span class='ocrx_word' id='word_1_153' title='bbox 1501 1197 1642 1238; x_wconf 91' lang='lat' dir='ltr'>tempus</span> <span class='ocrx_word' id='word_1_154' title='bbox 1669 1193 1736 1227; x_wconf 92' lang='lat' dir='ltr'>iter</span> <span class='ocrx_word' id='word_1_155' title='bbox 1761 1197 1965 1238; x_wconf 84' lang='lat' dir='ltr'>paraverat:</span> <span class='ocrx_word' id='word_1_156' title='bbox 2003 1192 2091 1228; x_wconf 86' lang='lat' dir='ltr'>nihil</span> <span class='ocrx_word' id='word_1_157' title='bbox 2117 1193 2235 1228; x_wconf 87' lang='lat' dir='ltr'>obstat</span> 
     </span>
     <span class='ocr_line' id='line_1_15' title="bbox 324 1261 2234 1307; baseline -0.001 -12"><span class='ocrx_word' id='word_1_158' title='bbox 324 1262 519 1304; x_wconf 90' lang='lat' dir='ltr'>quominus</span> <span class='ocrx_word' id='word_1_159' title='bbox 558 1261 604 1295; x_wconf 85' lang='lat' dir='ltr'>ad</span> <span class='ocrx_word' id='word_1_160' title='bbox 639 1262 800 1305; x_wconf 90' lang='lat' dir='ltr'>quinque</span> <span class='ocrx_word' id='word_1_161' title='bbox 841 1261 907 1296; x_wconf 91' lang='lat' dir='ltr'>hos</span> <span class='ocrx_word' id='word_1_162' title='bbox 952 1262 1027 1296; x_wconf 89' lang='lat' dir='ltr'>dies</span> <span class='ocrx_word' id='word_1_163' title='bbox 1058 1263 1292 1307; x_wconf 91' lang='lat' dir='ltr'>Participium</span> <span class='ocrx_word' id='word_1_164' title='bbox 1324 1262 1413 1296; x_wconf 92' lang='lat' dir='ltr'>illud</span> <span class='ocrx_word' id='word_1_165' title='bbox 1454 1262 1618 1297; x_wconf 86' lang='lat' dir='ltr'>videatur</span> <span class='ocrx_word' id='word_1_166' title='bbox 1650 1262 1843 1306; x_wconf 89' lang='lat' dir='ltr'>pertinere.</span> <span class='ocrx_word' id='word_1_167' title='bbox 1906 1261 1997 1296; x_wconf 89' lang='lat' dir='ltr'>Nam</span> <span class='ocrx_word' id='word_1_168' title='bbox 2029 1262 2234 1307; x_wconf 75' lang='lat' dir='ltr'>proficiscens</span> 
     </span>
     <span class='ocr_line' id='line_1_16' title="bbox 323 1330 2232 1378; baseline 0.001 -12"><span class='ocrx_word' id='word_1_169' title='bbox 323 1331 353 1366; x_wconf 90' lang='lat' dir='ltr'>is</span> <span class='ocrx_word' id='word_1_170' title='bbox 388 1336 481 1367; x_wconf 92' lang='lat' dir='ltr'>recte</span> <span class='ocrx_word' id='word_1_171' title='bbox 514 1331 646 1366; x_wconf 90' lang='lat' dir='ltr'>dicitur</span> <span class='ocrx_word' id='word_1_172' title='bbox 678 1332 740 1376; x_wconf 92' lang='lat' dir='ltr'>qui</span> <span class='ocrx_word' id='word_1_173' title='bbox 766 1332 803 1367; x_wconf 92' lang='lat' dir='ltr'>in</span> <span class='ocrx_word' id='word_1_174' title='bbox 830 1341 872 1366; x_wconf 87' lang='lat' dir='ltr'>eo</span> <span class='ocrx_word' id='word_1_175' title='bbox 906 1337 959 1367; x_wconf 91' lang='lat' dir='ltr'>est</span> <span class='ocrx_word' id='word_1_176' title='bbox 991 1336 1028 1367; x_wconf 92' lang='lat' dir='ltr'>ut</span> <span class='ocrx_word' id='word_1_177' title='bbox 1058 1333 1318 1378; x_wconf 75' lang='lat' dir='ltr'>proficiscatur,</span> <span class='ocrx_word' id='word_1_178' title='bbox 1384 1331 1515 1368; x_wconf 90' lang='lat' dir='ltr'>Verum</span> <span class='ocrx_word' id='word_1_179' title='bbox 1545 1332 1640 1367; x_wconf 90' lang='lat' dir='ltr'>enim</span> <span class='ocrx_word' id='word_1_180' title='bbox 1675 1340 1759 1367; x_wconf 87' lang='lat' dir='ltr'>vero</span> <span class='ocrx_word' id='word_1_181' title='bbox 1792 1331 1860 1367; x_wconf 92' lang='lat' dir='ltr'>hoc</span> <span class='ocrx_word' id='word_1_182' title='bbox 1892 1332 2012 1368; x_wconf 92' lang='lat' dir='ltr'>animo</span> <span class='ocrx_word' id='word_1_183' title='bbox 2037 1330 2232 1368; x_wconf 89' lang='lat' dir='ltr'>tenendum</span> 
     </span>
     <span class='ocr_line' id='line_1_17' title="bbox 323 1400 2230 1446; baseline 0 -11"><span class='ocrx_word' id='word_1_184' title='bbox 323 1406 391 1442; x_wconf 91' lang='lat' dir='ltr'>est,</span> <span class='ocrx_word' id='word_1_185' title='bbox 435 1402 482 1435; x_wconf 86' lang='lat' dir='ltr'>ita</span> <span class='ocrx_word' id='word_1_186' title='bbox 516 1402 776 1446; x_wconf 78' lang='lat' dir='ltr'>proficiscentem</span> <span class='ocrx_word' id='word_1_187' title='bbox 809 1401 990 1436; x_wconf 86' lang='lat' dir='ltr'>diversum</span> <span class='ocrx_word' id='word_1_188' title='bbox 1029 1412 1106 1437; x_wconf 92' lang='lat' dir='ltr'>esse</span> <span class='ocrx_word' id='word_1_189' title='bbox 1145 1412 1164 1436; x_wconf 93' lang='lat' dir='ltr'>a</span> <span class='ocrx_word' id='word_1_190' title='bbox 1197 1403 1408 1446; x_wconf 80' lang='lat' dir='ltr'>profecturo,</span> <span class='ocrx_word' id='word_1_191' title='bbox 1449 1406 1487 1435; x_wconf 92' lang='lat' dir='ltr'>ut</span> <span class='ocrx_word' id='word_1_192' title='bbox 1526 1401 1618 1435; x_wconf 88' lang='lat' dir='ltr'>illud</span> <span class='ocrx_word' id='word_1_193' title='bbox 1654 1401 1868 1436; x_wconf 84' lang='lat' dir='ltr'>vocabulum</span> <span class='ocrx_word' id='word_1_194' title='bbox 1908 1410 1981 1436; x_wconf 90' lang='lat' dir='ltr'>non</span> <span class='ocrx_word' id='word_1_195' title='bbox 2025 1401 2142 1436; x_wconf 92' lang='lat' dir='ltr'>solum</span> <span class='ocrx_word' id='word_1_196' title='bbox 2186 1400 2230 1435; x_wconf 92' lang='lat' dir='ltr'>ad</span> 
     </span>
     <span class='ocr_line' id='line_1_18' title="bbox 321 1467 2230 1515; baseline -0.001 -10"><span class='ocrx_word' id='word_1_197' title='bbox 321 1471 593 1514; x_wconf 85' lang='lat' dir='ltr'>apparationem</span> <span class='ocrx_word' id='word_1_198' title='bbox 632 1470 770 1504; x_wconf 89' lang='lat' dir='ltr'>itineris</span> <span class='ocrx_word' id='word_1_199' title='bbox 800 1469 863 1504; x_wconf 91' lang='lat' dir='ltr'>sed</span> <span class='ocrx_word' id='word_1_200' title='bbox 895 1470 1000 1504; x_wconf 91' lang='lat' dir='ltr'>etiam</span> <span class='ocrx_word' id='word_1_201' title='bbox 1035 1470 1079 1505; x_wconf 89' lang='lat' dir='ltr'>ad</span> <span class='ocrx_word' id='word_1_202' title='bbox 1113 1471 1202 1505; x_wconf 84' lang='lat' dir='ltr'>illud</span> <span class='ocrx_word' id='word_1_203' title='bbox 1238 1472 1355 1515; x_wconf 88' lang='lat' dir='ltr'>ipsum</span> <span class='ocrx_word' id='word_1_204' title='bbox 1392 1474 1534 1514; x_wconf 87' lang='lat' dir='ltr'>tempus</span> <span class='ocrx_word' id='word_1_205' title='bbox 1566 1479 1638 1514; x_wconf 92' lang='lat' dir='ltr'>quo</span> <span class='ocrx_word' id='word_1_206' title='bbox 1672 1470 1754 1514; x_wconf 91' lang='lat' dir='ltr'>quis</span> <span class='ocrx_word' id='word_1_207' title='bbox 1786 1470 1890 1504; x_wconf 89' lang='lat' dir='ltr'>abeat</span> <span class='ocrx_word' id='word_1_208' title='bbox 1915 1474 2060 1514; x_wconf 87' lang='lat' dir='ltr'>spectet.</span> <span class='ocrx_word' id='word_1_209' title='bbox 2121 1467 2230 1513; x_wconf 89' lang='lat' dir='ltr'>Quod</span> 
     </span>
     <span class='ocr_line' id='line_1_19' title="bbox 320 1538 2232 1587; baseline 0 -13"><span class='ocrx_word' id='word_1_210' title='bbox 320 1539 465 1584; x_wconf 89' lang='lat' dir='ltr'>quidem</span> <span class='ocrx_word' id='word_1_211' title='bbox 505 1538 580 1582; x_wconf 91' lang='lat' dir='ltr'>Tu,</span> <span class='ocrx_word' id='word_1_212' title='bbox 622 1541 675 1576; x_wconf 81' lang='lat' dir='ltr'>vir</span> <span class='ocrx_word' id='word_1_213' title='bbox 716 1539 944 1583; x_wconf 89' lang='lat' dir='ltr'>doctissime,</span> <span class='ocrx_word' id='word_1_214' title='bbox 985 1541 1187 1587; x_wconf 83' lang='lat' dir='ltr'>neglexisti.</span> <span class='ocrx_word' id='word_1_215' title='bbox 1266 1538 1450 1584; x_wconf 90' lang='lat' dir='ltr'>Quoniam</span> <span class='ocrx_word' id='word_1_216' title='bbox 1499 1540 1594 1575; x_wconf 88' lang='lat' dir='ltr'>enim</span> <span class='ocrx_word' id='word_1_217' title='bbox 1637 1538 1807 1575; x_wconf 87' lang='lat' dir='ltr'>Horatius</span> <span class='ocrx_word' id='word_1_218' title='bbox 1848 1549 1887 1575; x_wconf 89' lang='lat' dir='ltr'>se</span> <span class='ocrx_word' id='word_1_219' title='bbox 1934 1538 2102 1574; x_wconf 86' lang='lat' dir='ltr'>docuisse</span> <span class='ocrx_word' id='word_1_220' title='bbox 2145 1538 2232 1574; x_wconf 90' lang='lat' dir='ltr'>dicit</span> 
     </span>
     <span class='ocr_line' id='line_1_20' title="bbox 319 1609 2230 1655; baseline 0 -11"><span class='ocrx_word' id='word_1_221' title='bbox 319 1610 626 1654; x_wconf 84' lang='lat' dir='ltr'>proficiscentem,</span> <span class='ocrx_word' id='word_1_222' title='bbox 663 1610 742 1645; x_wconf 91' lang='lat' dir='ltr'>luce</span> <span class='ocrx_word' id='word_1_223' title='bbox 774 1611 908 1646; x_wconf 90' lang='lat' dir='ltr'>clarius</span> <span class='ocrx_word' id='word_1_224' title='bbox 943 1616 997 1646; x_wconf 87' lang='lat' dir='ltr'>est</span> <span class='ocrx_word' id='word_1_225' title='bbox 1032 1621 1073 1645; x_wconf 92' lang='lat' dir='ltr'>eo</span> <span class='ocrx_word' id='word_1_226' title='bbox 1112 1612 1193 1655; x_wconf 91' lang='lat' dir='ltr'>ipso</span> <span class='ocrx_word' id='word_1_227' title='bbox 1232 1611 1405 1654; x_wconf 86' lang='lat' dir='ltr'>temporis</span> <span class='ocrx_word' id='word_1_228' title='bbox 1448 1614 1629 1645; x_wconf 90' lang='lat' dir='ltr'>momento</span> <span class='ocrx_word' id='word_1_229' title='bbox 1662 1619 1734 1653; x_wconf 91' lang='lat' dir='ltr'>quo</span> <span class='ocrx_word' id='word_1_230' title='bbox 1773 1609 1809 1644; x_wconf 92' lang='lat' dir='ltr'>id</span> <span class='ocrx_word' id='word_1_231' title='bbox 1846 1609 1941 1645; x_wconf 89' lang='lat' dir='ltr'>dicat</span> <span class='ocrx_word' id='word_1_232' title='bbox 1978 1609 2230 1654; x_wconf 87' lang='lat' dir='ltr'>proficiscendi</span> 
     </span>
     <span class='ocr_line' id='line_1_21' title="bbox 320 1677 2229 1724; baseline 0.001 -11"><span class='ocrx_word' id='word_1_233' title='bbox 320 1684 462 1723; x_wconf 88' lang='lat' dir='ltr'>tempus</span> <span class='ocrx_word' id='word_1_234' title='bbox 487 1679 761 1723; x_wconf 82' lang='lat' dir='ltr'>praeterlapsum</span> <span class='ocrx_word' id='word_1_235' title='bbox 796 1689 898 1715; x_wconf 90' lang='lat' dir='ltr'>esse:</span> <span class='ocrx_word' id='word_1_236' title='bbox 931 1690 973 1714; x_wconf 90' lang='lat' dir='ltr'>eo</span> <span class='ocrx_word' id='word_1_237' title='bbox 1005 1681 1084 1724; x_wconf 88' lang='lat' dir='ltr'>ipso</span> <span class='ocrx_word' id='word_1_238' title='bbox 1118 1684 1298 1713; x_wconf 88' lang='lat' dir='ltr'>momento</span> <span class='ocrx_word' id='word_1_239' title='bbox 1334 1689 1406 1713; x_wconf 92' lang='lat' dir='ltr'>non</span> <span class='ocrx_word' id='word_1_240' title='bbox 1436 1683 1555 1723; x_wconf 91' lang='lat' dir='ltr'>potest</span> <span class='ocrx_word' id='word_1_241' title='bbox 1579 1677 1707 1713; x_wconf 90' lang='lat' dir='ltr'>Vinius</span> <span class='ocrx_word' id='word_1_242' title='bbox 1735 1687 1809 1712; x_wconf 89' lang='lat' dir='ltr'>nou</span> <span class='ocrx_word' id='word_1_243' title='bbox 1835 1687 1914 1713; x_wconf 84' lang='lat' dir='ltr'>esse</span> <span class='ocrx_word' id='word_1_244' title='bbox 1938 1677 2133 1723; x_wconf 85' lang='lat' dir='ltr'>profectus.</span> <span class='ocrx_word' id='word_1_245' title='bbox 2187 1678 2229 1714; x_wconf 90' lang='lat' dir='ltr'>Et</span> 
     </span>
     <span class='ocr_line' id='line_1_22' title="bbox 320 1746 2229 1792; baseline 0.001 -11"><span class='ocrx_word' id='word_1_246' title='bbox 320 1749 356 1782; x_wconf 91' lang='lat' dir='ltr'>in</span> <span class='ocrx_word' id='word_1_247' title='bbox 388 1746 557 1781; x_wconf 88' lang='lat' dir='ltr'>vertendo</span> <span class='ocrx_word' id='word_1_248' title='bbox 588 1748 655 1782; x_wconf 88' lang='lat' dir='ltr'>hoc</span> <span class='ocrx_word' id='word_1_249' title='bbox 687 1758 790 1783; x_wconf 76' lang='lat' dir='ltr'>versu</span> <span class='ocrx_word' id='word_1_250' title='bbox 825 1748 958 1783; x_wconf 83' lang='lat' dir='ltr'>frustra</span> <span class='ocrx_word' id='word_1_251' title='bbox 989 1749 1162 1783; x_wconf 84' lang='lat' dir='ltr'>laborasti</span> <span class='ocrx_word' id='word_1_252' title='bbox 1198 1753 1235 1782; x_wconf 91' lang='lat' dir='ltr'>ut</span> <span class='ocrx_word' id='word_1_253' title='bbox 1262 1749 1368 1782; x_wconf 79' lang='lat' dir='ltr'>verba</span> <span class='ocrx_word' id='word_1_254' title='bbox 1396 1748 1440 1782; x_wconf 89' lang='lat' dir='ltr'>de</span> <span class='ocrx_word' id='word_1_255' title='bbox 1473 1748 1590 1782; x_wconf 87' lang='lat' dir='ltr'>verbis</span> <span class='ocrx_word' id='word_1_256' title='bbox 1619 1746 1856 1792; x_wconf 83' lang='lat' dir='ltr'>exprimendo</span> <span class='ocrx_word' id='word_1_257' title='bbox 1882 1757 1959 1782; x_wconf 86' lang='lat' dir='ltr'>eam</span> <span class='ocrx_word' id='word_1_258' title='bbox 1986 1757 2095 1791; x_wconf 90' lang='lat' dir='ltr'>quam</span> <span class='ocrx_word' id='word_1_259' title='bbox 2119 1748 2229 1782; x_wconf 91' lang='lat' dir='ltr'>velles</span> 
     </span>
     <span class='ocr_line' id='line_1_23' title="bbox 320 1815 1634 1863; baseline 0.001 -13"><span class='ocrx_word' id='word_1_260' title='bbox 320 1816 535 1851; x_wconf 88' lang='lat' dir='ltr'>senteutiam</span> <span class='ocrx_word' id='word_1_261' title='bbox 559 1816 717 1851; x_wconf 79' lang='lat' dir='ltr'>efferres.</span> <span class='ocrx_word' id='word_1_262' title='bbox 771 1815 859 1852; x_wconf 87' lang='lat' dir='ltr'>Nam</span> <span class='ocrx_word' id='word_1_263' title='bbox 888 1817 984 1862; x_wconf 90' lang='lat' dir='ltr'>quod</span> <span class='ocrx_word' id='word_1_264' title='bbox 1009 1818 1211 1863; x_wconf 84' lang='lat' dir='ltr'>germanice</span> <span class='ocrx_word' id='word_1_265' title='bbox 1236 1817 1287 1852; x_wconf 91' lang='lat' dir='ltr'>sic</span> <span class='ocrx_word' id='word_1_266' title='bbox 1314 1826 1394 1852; x_wconf 89' lang='lat' dir='ltr'>eum</span> <span class='ocrx_word' id='word_1_267' title='bbox 1420 1815 1634 1853; x_wconf 85' lang='lat' dir='ltr'>reddidisti:</span> 
     </span>
    </p>

    <p class='ocr_par' dir='ltr' id='par_1_4' title="bbox 312 1884 2228 2839">
     <span class='ocr_line' id='line_1_24' title="bbox 757 1884 1892 1930; baseline -0.002 -10"><span class='ocrx_word' id='word_1_268' title='bbox 757 1884 826 1920; x_wconf 70' lang='lat' dir='ltr'>Wie</span> <span class='ocrx_word' id='word_1_269' title='bbox 851 1887 902 1919; x_wconf 75' lang='lat' dir='ltr'>ich</span> <span class='ocrx_word' id='word_1_270' title='bbox 929 1899 982 1919; x_wconf 88' lang='lat' dir='ltr'>am</span> <span class='ocrx_word' id='word_1_271' title='bbox 1008 1888 1229 1930; x_wconf 76' lang='lat' dir='ltr'>absclu&#39;edstaq</span> <span class='ocrx_word' id='word_1_272' title='bbox 1251 1886 1324 1920; x_wconf 67' lang='lat' dir='ltr'>decla</span> <span class='ocrx_word' id='word_1_273' title='bbox 1351 1887 1401 1929; x_wconf 82' lang='lat' dir='ltr'>ost</span> <span class='ocrx_word' id='word_1_274' title='bbox 1426 1886 1495 1919; x_wconf 78' lang='lat' dir='ltr'>und</span> <span class='ocrx_word' id='word_1_275' title='bbox 1517 1886 1691 1929; x_wconf 60' lang='lat' dir='ltr'>yrendlich</span> <span class='ocrx_word' id='word_1_276' title='bbox 1717 1886 1892 1928; x_wconf 69' lang='lat' dir='ltr'>emalente,</span> 
     </span>
     <span class='ocr_line' id='line_1_25' title="bbox 318 1953 2228 2002; baseline 0 -10"><span class='ocrx_word' id='word_1_277' title='bbox 318 1965 421 1992; x_wconf 92' lang='lat' dir='ltr'>nemo</span> <span class='ocrx_word' id='word_1_278' title='bbox 448 1953 610 2001; x_wconf 83' lang='lat' dir='ltr'>profecto</span> <span class='ocrx_word' id='word_1_279' title='bbox 637 1953 784 1991; x_wconf 89' lang='lat' dir='ltr'>credere</span> <span class='ocrx_word' id='word_1_280' title='bbox 810 1957 941 2002; x_wconf 87' lang='lat' dir='ltr'>poterit</span> <span class='ocrx_word' id='word_1_281' title='bbox 966 1956 1041 1993; x_wconf 63' lang='lat' dir='ltr'>haec</span> <span class='ocrx_word' id='word_1_282' title='bbox 1064 1956 1169 1993; x_wconf 85' lang='lat' dir='ltr'>verba</span> <span class='ocrx_word' id='word_1_283' title='bbox 1196 1956 1323 1993; x_wconf 89' lang='lat' dir='ltr'>eodem</span> <span class='ocrx_word' id='word_1_284' title='bbox 1349 1954 1407 1992; x_wconf 92' lang='lat' dir='ltr'>die</span> <span class='ocrx_word' id='word_1_285' title='bbox 1441 1965 1521 1992; x_wconf 86' lang='lat' dir='ltr'>esse</span> <span class='ocrx_word' id='word_1_286' title='bbox 1550 1954 1643 1992; x_wconf 88' lang='lat' dir='ltr'>dicta</span> <span class='ocrx_word' id='word_1_287' title='bbox 1675 1954 1781 1992; x_wconf 90' lang='lat' dir='ltr'>Vinio</span> <span class='ocrx_word' id='word_1_288' title='bbox 1818 1955 2003 2001; x_wconf 84' lang='lat' dir='ltr'>praesenti.</span> <span class='ocrx_word' id='word_1_289' title='bbox 2065 1954 2171 2002; x_wconf 80' lang='lat' dir='ltr'>Atqui</span> <span class='ocrx_word' id='word_1_290' title='bbox 2196 1956 2228 1993; x_wconf 89' lang='lat' dir='ltr'>si</span> 
     </span>
     <span class='ocr_line' id='line_1_26' title="bbox 316 2025 2227 2074; baseline 0 -12"><span class='ocrx_word' id='word_1_291' title='bbox 316 2026 503 2062; x_wconf 81' lang='lat' dir='ltr'>confertur</span> <span class='ocrx_word' id='word_1_292' title='bbox 534 2036 654 2061; x_wconf 88' lang='lat' dir='ltr'>sermo</span> <span class='ocrx_word' id='word_1_293' title='bbox 686 2036 767 2061; x_wconf 88' lang='lat' dir='ltr'>cum</span> <span class='ocrx_word' id='word_1_294' title='bbox 805 2027 951 2062; x_wconf 89' lang='lat' dir='ltr'>homine</span> <span class='ocrx_word' id='word_1_295' title='bbox 989 2028 1156 2073; x_wconf 74' lang='lat' dir='ltr'>absente,</span> <span class='ocrx_word' id='word_1_296' title='bbox 1194 2028 1327 2071; x_wconf 89' lang='lat' dir='ltr'>scripta</span> <span class='ocrx_word' id='word_1_297' title='bbox 1360 2028 1391 2062; x_wconf 92' lang='lat' dir='ltr'>ei</span> <span class='ocrx_word' id='word_1_298' title='bbox 1426 2026 1501 2061; x_wconf 89' lang='lat' dir='ltr'>haec</span> <span class='ocrx_word' id='word_1_299' title='bbox 1534 2026 1642 2061; x_wconf 86' lang='lat' dir='ltr'>verba</span> <span class='ocrx_word' id='word_1_300' title='bbox 1677 2036 1755 2061; x_wconf 89' lang='lat' dir='ltr'>esse</span> <span class='ocrx_word' id='word_1_301' title='bbox 1787 2025 1947 2071; x_wconf 86' lang='lat' dir='ltr'>putanda</span> <span class='ocrx_word' id='word_1_302' title='bbox 1974 2031 2069 2062; x_wconf 88' lang='lat' dir='ltr'>sunt.</span> <span class='ocrx_word' id='word_1_303' title='bbox 2130 2026 2227 2074; x_wconf 83' lang='lat' dir='ltr'>Ergo</span> 
     </span>
     <span class='ocr_line' id='line_1_27' title="bbox 315 2096 2225 2141; baseline 0.001 -10"><span class='ocrx_word' id='word_1_304' title='bbox 315 2097 478 2141; x_wconf 75' lang='lat' dir='ltr'>epistolae</span> <span class='ocrx_word' id='word_1_305' title='bbox 506 2106 636 2130; x_wconf 88' lang='lat' dir='ltr'>nomen</span> <span class='ocrx_word' id='word_1_306' title='bbox 664 2096 749 2130; x_wconf 85' lang='lat' dir='ltr'>huic</span> <span class='ocrx_word' id='word_1_307' title='bbox 774 2098 951 2141; x_wconf 85' lang='lat' dir='ltr'>opusculo</span> <span class='ocrx_word' id='word_1_308' title='bbox 979 2097 1230 2132; x_wconf 87' lang='lat' dir='ltr'>vindicandum</span> <span class='ocrx_word' id='word_1_309' title='bbox 1256 2102 1363 2141; x_wconf 87' lang='lat' dir='ltr'>atque</span> <span class='ocrx_word' id='word_1_310' title='bbox 1390 2096 1559 2131; x_wconf 87' lang='lat' dir='ltr'>Horatius</span> <span class='ocrx_word' id='word_1_311' title='bbox 1577 2096 1839 2131; x_wconf 84' lang='lat' dir='ltr'>existimandus</span> <span class='ocrx_word' id='word_1_312' title='bbox 1866 2100 1919 2131; x_wconf 92' lang='lat' dir='ltr'>est</span> <span class='ocrx_word' id='word_1_313' title='bbox 1944 2097 1974 2131; x_wconf 91' lang='lat' dir='ltr'>si</span> <span class='ocrx_word' id='word_1_314' title='bbox 1998 2106 2069 2131; x_wconf 89' lang='lat' dir='ltr'>uon</span> <span class='ocrx_word' id='word_1_315' title='bbox 2102 2107 2225 2133; x_wconf 83' lang='lat' dir='ltr'>revera</span> 
     </span>
     <span class='ocr_line' id='line_1_28' title="bbox 316 2165 2227 2213; baseline 0.001 -11"><span class='ocrx_word' id='word_1_316' title='bbox 316 2167 407 2202; x_wconf 89' lang='lat' dir='ltr'>hanc</span> <span class='ocrx_word' id='word_1_317' title='bbox 442 2166 632 2212; x_wconf 90' lang='lat' dir='ltr'>epistolam</span> <span class='ocrx_word' id='word_1_318' title='bbox 658 2165 704 2202; x_wconf 89' lang='lat' dir='ltr'>ad</span> <span class='ocrx_word' id='word_1_319' title='bbox 734 2165 881 2203; x_wconf 90' lang='lat' dir='ltr'>Vinium</span> <span class='ocrx_word' id='word_1_320' title='bbox 907 2168 1117 2213; x_wconf 84' lang='lat' dir='ltr'>scripsisse,</span> <span class='ocrx_word' id='word_1_321' title='bbox 1155 2172 1274 2203; x_wconf 91' lang='lat' dir='ltr'>tamen</span> <span class='ocrx_word' id='word_1_322' title='bbox 1307 2168 1464 2212; x_wconf 78' lang='lat' dir='ltr'>speciem</span> <span class='ocrx_word' id='word_1_323' title='bbox 1499 2167 1691 2202; x_wconf 87' lang='lat' dir='ltr'>scribentis</span> <span class='ocrx_word' id='word_1_324' title='bbox 1726 2166 1882 2201; x_wconf 86' lang='lat' dir='ltr'>voluisse</span> <span class='ocrx_word' id='word_1_325' title='bbox 1909 2166 2082 2210; x_wconf 85' lang='lat' dir='ltr'>praebere.</span> <span class='ocrx_word' id='word_1_326' title='bbox 2134 2166 2227 2212; x_wconf 87' lang='lat' dir='ltr'>Quae</span> 
     </span>
     <span class='ocr_line' id='line_1_29' title="bbox 318 2234 2226 2282; baseline 0.002 -12"><span class='ocrx_word' id='word_1_327' title='bbox 318 2235 463 2281; x_wconf 90' lang='lat' dir='ltr'>quidem</span> <span class='ocrx_word' id='word_1_328' title='bbox 493 2236 554 2271; x_wconf 93' lang='lat' dir='ltr'>ubi</span> <span class='ocrx_word' id='word_1_329' title='bbox 581 2236 668 2271; x_wconf 87' lang='lat' dir='ltr'>satis</span> <span class='ocrx_word' id='word_1_330' title='bbox 693 2236 953 2282; x_wconf 78' lang='lat' dir='ltr'>perpenderis,</span> <span class='ocrx_word' id='word_1_331' title='bbox 980 2238 1145 2282; x_wconf 90' lang='lat' dir='ltr'>protinus</span> <span class='ocrx_word' id='word_1_332' title='bbox 1173 2238 1278 2272; x_wconf 89' lang='lat' dir='ltr'>etiam</span> <span class='ocrx_word' id='word_1_333' title='bbox 1304 2236 1518 2272; x_wconf 89' lang='lat' dir='ltr'>vocabulum</span> <span class='ocrx_word' id='word_1_334' title='bbox 1543 2237 1600 2279; x_wconf 71' lang='lat' dir='ltr'>sic,</span> <span class='ocrx_word' id='word_1_335' title='bbox 1626 2234 1721 2281; x_wconf 92' lang='lat' dir='ltr'>quod</span> <span class='ocrx_word' id='word_1_336' title='bbox 1749 2235 1883 2282; x_wconf 84' lang='lat' dir='ltr'>legitur</span> <span class='ocrx_word' id='word_1_337' title='bbox 1906 2245 1936 2271; x_wconf 91' lang='lat' dir='ltr'>v.</span> <span class='ocrx_word' id='word_1_338' title='bbox 1963 2237 2021 2280; x_wconf 78' lang='lat'>12,</span> <span class='ocrx_word' id='word_1_339' title='bbox 2052 2235 2226 2273; x_wconf 84' lang='lat' dir='ltr'>concedes</span> 
     </span>
     <span class='ocr_line' id='line_1_30' title="bbox 318 2304 2226 2350; baseline 0.001 -11"><span class='ocrx_word' id='word_1_340' title='bbox 318 2304 368 2339; x_wconf 89' lang='lat' dir='ltr'>Te</span> <span class='ocrx_word' id='word_1_341' title='bbox 389 2305 480 2340; x_wconf 90' lang='lat' dir='ltr'>male</span> <span class='ocrx_word' id='word_1_342' title='bbox 499 2306 770 2348; x_wconf 88' lang='lat' dir='ltr'>interpretatum</span> <span class='ocrx_word' id='word_1_343' title='bbox 794 2315 887 2341; x_wconf 87' lang='lat' dir='ltr'>esse.</span> <span class='ocrx_word' id='word_1_344' title='bbox 922 2305 1011 2341; x_wconf 92' lang='lat' dir='ltr'>Nam</span> <span class='ocrx_word' id='word_1_345' title='bbox 1032 2306 1127 2350; x_wconf 89' lang='lat' dir='ltr'>quod</span> <span class='ocrx_word' id='word_1_346' title='bbox 1143 2306 1329 2341; x_wconf 88' lang='lat' dir='ltr'>Horatium</span> <span class='ocrx_word' id='word_1_347' title='bbox 1353 2310 1460 2350; x_wconf 91' lang='lat' dir='ltr'>putas</span> <span class='ocrx_word' id='word_1_348' title='bbox 1479 2305 1548 2339; x_wconf 88' lang='lat' dir='ltr'>hoc</span> <span class='ocrx_word' id='word_1_349' title='bbox 1569 2304 1781 2340; x_wconf 89' lang='lat' dir='ltr'>vocabulum</span> <span class='ocrx_word' id='word_1_350' title='bbox 1802 2304 1978 2339; x_wconf 88' lang='lat' dir='ltr'>dicentem</span> <span class='ocrx_word' id='word_1_351' title='bbox 1998 2304 2167 2340; x_wconf 87' lang='lat' dir='ltr'>docuisse</span> <span class='ocrx_word' id='word_1_352' title='bbox 2184 2314 2226 2340; x_wconf 83' lang='lat' dir='ltr'>ac</span> 
     </span>
     <span class='ocr_line' id='line_1_31' title="bbox 314 2373 2224 2423; baseline 0 -14"><span class='ocrx_word' id='word_1_353' title='bbox 314 2375 499 2419; x_wconf 63' lang='lat' dir='ltr'>praeivisse</span> <span class='ocrx_word' id='word_1_354' title='bbox 521 2379 707 2410; x_wconf 90' lang='lat' dir='ltr'>venustum</span> <span class='ocrx_word' id='word_1_355' title='bbox 733 2375 891 2420; x_wconf 91' lang='lat' dir='ltr'>aliquem</span> <span class='ocrx_word' id='word_1_356' title='bbox 912 2381 1065 2423; x_wconf 85' lang='lat' dir='ltr'>gestum,</span> <span class='ocrx_word' id='word_1_357' title='bbox 1081 2374 1247 2420; x_wconf 85' lang='lat' dir='ltr'>equidem</span> <span class='ocrx_word' id='word_1_358' title='bbox 1271 2384 1455 2420; x_wconf 87' lang='lat' dir='ltr'>nunquam</span> <span class='ocrx_word' id='word_1_359' title='bbox 1476 2373 1637 2410; x_wconf 87' lang='lat' dir='ltr'>adducar</span> <span class='ocrx_word' id='word_1_360' title='bbox 1659 2379 1696 2410; x_wconf 93' lang='lat' dir='ltr'>ut</span> <span class='ocrx_word' id='word_1_361' title='bbox 1719 2379 1844 2419; x_wconf 79' lang='lat' dir='ltr'>poetas</span> <span class='ocrx_word' id='word_1_362' title='bbox 1860 2379 1994 2410; x_wconf 83' lang='lat' dir='ltr'>veteres</span> <span class='ocrx_word' id='word_1_363' title='bbox 2010 2373 2153 2409; x_wconf 85' lang='lat' dir='ltr'>credam</span> <span class='ocrx_word' id='word_1_364' title='bbox 2173 2375 2224 2410; x_wconf 89' lang='lat' dir='ltr'>sic</span> 
     </span>
     <span class='ocr_line' id='line_1_32' title="bbox 315 2443 2223 2491; baseline 0 -12"><span class='ocrx_word' id='word_1_365' title='bbox 315 2444 430 2491; x_wconf 86' lang='lat' dir='ltr'>digito</span> <span class='ocrx_word' id='word_1_366' title='bbox 460 2449 679 2482; x_wconf 90' lang='lat' dir='ltr'>monstrasse</span> <span class='ocrx_word' id='word_1_367' title='bbox 707 2445 845 2490; x_wconf 88' lang='lat' dir='ltr'>aliquid</span> <span class='ocrx_word' id='word_1_368' title='bbox 878 2455 950 2480; x_wconf 91' lang='lat' dir='ltr'>nou</span> <span class='ocrx_word' id='word_1_369' title='bbox 973 2446 1061 2490; x_wconf 91' lang='lat' dir='ltr'>ipsis</span> <span class='ocrx_word' id='word_1_370' title='bbox 1097 2445 1214 2480; x_wconf 90' lang='lat' dir='ltr'>verbis</span> <span class='ocrx_word' id='word_1_371' title='bbox 1237 2454 1460 2489; x_wconf 86' lang='lat' dir='ltr'>expressum,</span> <span class='ocrx_word' id='word_1_372' title='bbox 1487 2443 1550 2479; x_wconf 90' lang='lat' dir='ltr'>sed</span> <span class='ocrx_word' id='word_1_373' title='bbox 1578 2448 1677 2479; x_wconf 83' lang='lat' dir='ltr'>extra</span> <span class='ocrx_word' id='word_1_374' title='bbox 1703 2445 1905 2479; x_wconf 88' lang='lat' dir='ltr'>orationem</span> <span class='ocrx_word' id='word_1_375' title='bbox 1922 2444 2027 2487; x_wconf 81' lang='lat' dir='ltr'>quasi</span> <span class='ocrx_word' id='word_1_376' title='bbox 2046 2444 2223 2488; x_wconf 86' lang='lat' dir='ltr'>positum:</span> 
     </span>
     <span class='ocr_line' id='line_1_33' title="bbox 314 2511 2224 2561; baseline 0.001 -11"><span class='ocrx_word' id='word_1_377' title='bbox 314 2524 438 2550; x_wconf 84' lang='lat' dir='ltr'>verum</span> <span class='ocrx_word' id='word_1_378' title='bbox 471 2524 515 2549; x_wconf 95' lang='lat' dir='ltr'>ne</span> <span class='ocrx_word' id='word_1_379' title='bbox 550 2514 605 2549; x_wconf 90' lang='lat' dir='ltr'>Tu</span> <span class='ocrx_word' id='word_1_380' title='bbox 634 2516 778 2560; x_wconf 89' lang='lat' dir='ltr'>quidem</span> <span class='ocrx_word' id='word_1_381' title='bbox 807 2515 876 2551; x_wconf 91' lang='lat' dir='ltr'>tale</span> <span class='ocrx_word' id='word_1_382' title='bbox 910 2514 998 2561; x_wconf 90' lang='lat' dir='ltr'>quid</span> <span class='ocrx_word' id='word_1_383' title='bbox 1030 2515 1067 2550; x_wconf 92' lang='lat' dir='ltr'>in</span> <span class='ocrx_word' id='word_1_384' title='bbox 1096 2515 1248 2559; x_wconf 90' lang='lat' dir='ltr'>epistola</span> <span class='ocrx_word' id='word_1_385' title='bbox 1275 2513 1419 2559; x_wconf 89' lang='lat' dir='ltr'>quidem</span> <span class='ocrx_word' id='word_1_386' title='bbox 1452 2514 1527 2549; x_wconf 88' lang='lat' dir='ltr'>fieri</span> <span class='ocrx_word' id='word_1_387' title='bbox 1553 2523 1659 2559; x_wconf 88' lang='lat' dir='ltr'>posse</span> <span class='ocrx_word' id='word_1_388' title='bbox 1685 2514 1870 2556; x_wconf 90' lang='lat' dir='ltr'>censebis,</span> <span class='ocrx_word' id='word_1_389' title='bbox 1902 2512 1972 2548; x_wconf 90' lang='lat' dir='ltr'>nisi</span> <span class='ocrx_word' id='word_1_390' title='bbox 1998 2511 2088 2548; x_wconf 73' lang='lat' dir='ltr'>{orte</span> <span class='ocrx_word' id='word_1_391' title='bbox 2115 2515 2224 2551; x_wconf 87' lang='lat' dir='ltr'>simul</span> 
     </span>
     <span class='ocr_line' id='line_1_34' title="bbox 313 2581 2223 2630; baseline 0.001 -12"><span class='ocrx_word' id='word_1_392' title='bbox 313 2594 393 2619; x_wconf 91' lang='lat' dir='ltr'>cum</span> <span class='ocrx_word' id='word_1_393' title='bbox 412 2585 539 2619; x_wconf 89' lang='lat' dir='ltr'>litteris</span> <span class='ocrx_word' id='word_1_394' title='bbox 566 2584 672 2630; x_wconf 87' lang='lat' dir='ltr'>fingis</span> <span class='ocrx_word' id='word_1_395' title='bbox 702 2584 747 2619; x_wconf 92' lang='lat' dir='ltr'>ad</span> <span class='ocrx_word' id='word_1_396' title='bbox 766 2584 911 2620; x_wconf 87' lang='lat' dir='ltr'>Vinium</span> <span class='ocrx_word' id='word_1_397' title='bbox 938 2585 1086 2620; x_wconf 82' lang='lat' dir='ltr'>missam</span> <span class='ocrx_word' id='word_1_398' title='bbox 1112 2592 1191 2618; x_wconf 91' lang='lat' dir='ltr'>esse</span> <span class='ocrx_word' id='word_1_399' title='bbox 1217 2585 1392 2628; x_wconf 89' lang='lat' dir='ltr'>picturam</span> <span class='ocrx_word' id='word_1_400' title='bbox 1419 2593 1488 2628; x_wconf 87' lang='lat' dir='ltr'>qua</span> <span class='ocrx_word' id='word_1_401' title='bbox 1513 2587 1634 2629; x_wconf 83' lang='lat' dir='ltr'>gestus</span> <span class='ocrx_word' id='word_1_402' title='bbox 1661 2583 1720 2617; x_wconf 90' lang='lat' dir='ltr'>ille</span> <span class='ocrx_word' id='word_1_403' title='bbox 1745 2583 1812 2617; x_wconf 91' lang='lat' dir='ltr'>sub</span> <span class='ocrx_word' id='word_1_404' title='bbox 1839 2581 2047 2626; x_wconf 88' lang='lat' dir='ltr'>adspectum</span> <span class='ocrx_word' id='word_1_405' title='bbox 2067 2583 2223 2627; x_wconf 90' lang='lat' dir='ltr'>subjice-</span> 
     </span>
     <span class='ocr_line' id='line_1_35' title="bbox 314 2651 2223 2701; baseline -0.001 -10"><span class='ocrx_word' id='word_1_406' title='bbox 314 2660 424 2691; x_wconf 86' lang='lat' dir='ltr'>retur.</span> <span class='ocrx_word' id='word_1_407' title='bbox 492 2655 582 2691; x_wconf 89' lang='lat' dir='ltr'>Nam</span> <span class='ocrx_word' id='word_1_408' title='bbox 626 2654 661 2690; x_wconf 92' lang='lat' dir='ltr'>id</span> <span class='ocrx_word' id='word_1_409' title='bbox 703 2653 903 2690; x_wconf 90' lang='lat' dir='ltr'>Comment.</span> <span class='ocrx_word' id='word_1_410' title='bbox 952 2652 1064 2699; x_wconf 90' lang='lat' dir='ltr'>Cruq.</span> <span class='ocrx_word' id='word_1_411' title='bbox 1105 2659 1139 2690; x_wconf 89' lang='lat' dir='ltr'>et</span> <span class='ocrx_word' id='word_1_412' title='bbox 1183 2653 1392 2701; x_wconf 84' lang='lat' dir='ltr'>Doeringius</span> <span class='ocrx_word' id='word_1_413' title='bbox 1428 2654 1594 2690; x_wconf 91' lang='lat' dir='ltr'>videntur</span> <span class='ocrx_word' id='word_1_414' title='bbox 1640 2654 1711 2688; x_wconf 90' lang='lat' dir='ltr'>sibi</span> <span class='ocrx_word' id='word_1_415' title='bbox 1756 2653 1915 2688; x_wconf 78' lang='lat' dir='ltr'>finxisse.</span> <span class='ocrx_word' id='word_1_416' title='bbox 1982 2651 2079 2688; x_wconf 90' lang='lat' dir='ltr'>Nihil</span> <span class='ocrx_word' id='word_1_417' title='bbox 2112 2654 2223 2700; x_wconf 87' lang='lat' dir='ltr'>igitur</span> 
     </span>
     <span class='ocr_line' id='line_1_36' title="bbox 312 2721 2221 2769; baseline -0.001 -10"><span class='ocrx_word' id='word_1_418' title='bbox 312 2724 530 2769; x_wconf 90' lang='lat' dir='ltr'>relinquitur</span> <span class='ocrx_word' id='word_1_419' title='bbox 562 2726 631 2760; x_wconf 88' lang='lat' dir='ltr'>nisi</span> <span class='ocrx_word' id='word_1_420' title='bbox 658 2729 696 2759; x_wconf 94' lang='lat' dir='ltr'>ut</span> <span class='ocrx_word' id='word_1_421' title='bbox 724 2723 935 2759; x_wconf 88' lang='lat' dir='ltr'>vocabulum</span> <span class='ocrx_word' id='word_1_422' title='bbox 954 2725 1003 2758; x_wconf 73' lang='lat' dir='ltr'>sic</span> <span class='ocrx_word' id='word_1_423' title='bbox 1026 2723 1071 2760; x_wconf 88' lang='lat' dir='ltr'>ad</span> <span class='ocrx_word' id='word_1_424' title='bbox 1094 2733 1135 2760; x_wconf 87' lang='lat' dir='ltr'>ea</span> <span class='ocrx_word' id='word_1_425' title='bbox 1161 2734 1241 2769; x_wconf 83' lang='lat' dir='ltr'>quae</span> <span class='ocrx_word' id='word_1_426' title='bbox 1268 2728 1469 2768; x_wconf 87' lang='lat' dir='ltr'>sequuntur</span> <span class='ocrx_word' id='word_1_427' title='bbox 1493 2722 1673 2767; x_wconf 89' lang='lat' dir='ltr'>pertinere</span> <span class='ocrx_word' id='word_1_428' title='bbox 1699 2725 1923 2757; x_wconf 81' lang='lat' dir='ltr'>statuamus:</span> <span class='ocrx_word' id='word_1_429' title='bbox 1957 2721 2053 2766; x_wconf 90' lang='lat' dir='ltr'>quod</span> <span class='ocrx_word' id='word_1_430' title='bbox 2076 2721 2221 2767; x_wconf 89' lang='lat' dir='ltr'>quidem</span> 
     </span>
     <span class='ocr_line' id='line_1_37' title="bbox 312 2789 2219 2839; baseline -0.001 -11"><span class='ocrx_word' id='word_1_431' title='bbox 312 2794 388 2828; x_wconf 85' lang='lat' dir='ltr'>fieri</span> <span class='ocrx_word' id='word_1_432' title='bbox 415 2803 524 2837; x_wconf 90' lang='lat' dir='ltr'>posse</span> <span class='ocrx_word' id='word_1_433' title='bbox 549 2804 659 2837; x_wconf 89' lang='lat' dir='ltr'>quum</span> <span class='ocrx_word' id='word_1_434' title='bbox 684 2794 805 2829; x_wconf 90' lang='lat' dir='ltr'>multis</span> <span class='ocrx_word' id='word_1_435' title='bbox 831 2795 1005 2838; x_wconf 80' lang='lat' dir='ltr'>exemplis</span> <span class='ocrx_word' id='word_1_436' title='bbox 1030 2793 1196 2839; x_wconf 79' lang='lat' dir='ltr'>probavit</span> <span class='ocrx_word' id='word_1_437' title='bbox 1221 2792 1426 2830; x_wconf 87' lang='lat' dir='ltr'>Sclimidius</span> <span class='ocrx_word' id='word_1_438' title='bbox 1450 2798 1524 2827; x_wconf 92' lang='lat' dir='ltr'>tum</span> <span class='ocrx_word' id='word_1_439' title='bbox 1547 2796 1698 2835; x_wconf 86' lang='lat' dir='ltr'>apparet</span> <span class='ocrx_word' id='word_1_440' title='bbox 1724 2800 1767 2825; x_wconf 80' lang='lat' dir='ltr'>ex</span> <span class='ocrx_word' id='word_1_441' title='bbox 1794 2789 1900 2825; x_wconf 85' lang='lat' dir='ltr'>Ovid.</span> <span class='ocrx_word' id='word_1_442' title='bbox 1928 2790 2070 2827; x_wconf 88' lang='lat' dir='ltr'>Metam.</span> <span class='ocrx_word' id='word_1_443' title='bbox 2097 2791 2137 2835; x_wconf 88' lang='lat'>11,</span> <span class='ocrx_word' id='word_1_444' title='bbox 2162 2791 2219 2826; x_wconf 83' lang='lat'>75.</span> 
     </span>
    </p>
   </div>
  </div>
 </body>
</html>
