2585 3173
1138 123 1199 167 31

222 309 343 355 aliquo
372 305 515 341 nomine
542 309 730 340 ornasset:
767 303 896 340 deinde
923 314 1026 348 vero,
1065 305 1101 340 id
1128 306 1223 351 quod
1249 307 1360 342 multo
1387 309 1531 354 gravius
1554 308 1708 352 videtur,
1744 318 1959 353 quamquam
1991 310 2115 343 certis·

221 381 350 416 simum
388 380 442 411 est
478 374 586 410 verbo
621 375 738 409 ultoris
780 385 861 411 eum
897 374 1093 422 significari
1132 376 1193 420 qui
1231 377 1461 413 recitantibus
1502 378 1656 413 vicissim
1691 388 1756 414 sua
1798 378 1958 414 carmina
1994 378 2114 413 recitet

221 455 355 492 eosque
381 444 429 480 ita
455 442 721 488 quodammodo
747 444 891 489 puniat,
930 443 1182 488 unusquisque
1210 448 1325 480 tamen
1347 444 1514 481 facillime
1536 447 1664 482 sentiet
1689 447 1751 481 illo
1779 447 1953 482 vocabulo
1981 456 2024 481 ne
2051 456 2115 490 per

219 518 342 563 jocum
375 511 519 559 quidem
549 514 745 561 significari
775 523 881 559 posse
914 513 1026 548 ullum
1061 517 1201 559 poetam
1238 516 1442 551 recitantem
1480 517 1548 551 nisi
1585 526 1665 551 eum
1704 526 1809 561 quem
1844 521 2036 562 pertaesum
2071 516 2114 550 sit

223 585 369 624 alterius
400 584 558 619 carmina
586 582 723 619 audire.
788 582 895 629 Atqui
934 582 1147 630 Virgilium,
1184 582 1346 628 Varium,
1387 585 1567 621 Tibullum
1604 595 1675 621 non
1703 586 1810 622 modo
1842 586 1983 622 amabat
2009 590 2115 630 atque

225 654 397 703 diligebat
420 651 586 689 Horatius
602 681 612 700 ‚
645 652 706 689 sed
739 662 810 689 non
841 654 890 690 ita
924 662 985 689 eos
1011 652 1142 689 laedere
1168 657 1306 699 poterat
1332 659 1369 690 ut
1393 664 1511 691 coram
1535 656 1701 691 omnibus
1728 655 1860 691 diceret
1884 666 1921 691 se
1948 654 2116 691 taeduisse

224 725 348 762 audire
374 731 497 758 eorum
525 724 695 758 carmina.
729 722 872 759 Omissa
900 724 1013 770 igitur
1034 724 1100 758 ista
1126 724 1420 768 interpretatione
1446 726 1496 760 sic
1522 736 1643 761 versus
1671 726 1904 770 explicandus
1931 730 2005 760 est:
2043 724 2115 768 qu

224 807 315 842 quem
338 793 397 827 isti
420 798 537 827 vocant
560 794 754 838 scriptorum
778 794 936 829 nobilium
958 794 980 828 i.
1007 806 1031 828 e.
1051 793 1154 828 nobili
1180 793 1248 827 loco
1272 798 1425 827 natorum
1450 795 1646 839 auditorem,
1685 806 1751 829 non
1777 795 1893 840 diqnor
1915 801 1972 829 etc.
2024 793 2111 830 Nam

225 865 302 902 sine
325 861 436 899 dubio
458 871 624 910 magnam
651 861 818 899 invidiam
845 862 1059 899 conflaverat
1080 861 1247 907 Horatio,
1286 863 1382 908 quod
1414 863 1510 909 apud
1545 865 1722 909 principes
1755 865 1834 899 illos
1862 866 1955 899 viros
1980 865 2040 909 qui
2068 864 2111 898 ad

225 933 440 977 voluptatem
477 936 612 966 tantum
645 938 755 968 artem
799 933 1013 968 exercebant
1048 933 1256 968 versabatur
1296 938 1402 977 atque
1448 933 1615 977 frequens
1657 940 1731 969 erat
1778 939 1811 969 et
1848 944 1972 970 eorum
2008 934 2113 969 laude

225 1006 410 1039 contentus
448 1003 698 1049 grammaticas
732 1001 847 1038 tribus
883 1000 1113 1048 despiciebat.
1185 1001 1304 1047 Itaque
1338 1011 1418 1037 eum
1455 1002 1708 1038 obtrectatores
1744 1003 1967 1038 contumeliae
2007 1012 2115 1038 causa

228 1072 402 1107 nobilium
429 1072 644 1116 scriptorum
678 1072 877 1107 auditorem
904 1076 938 1106 et
971 1072 1124 1106 ultorem
1156 1077 1390 1106 vocaverant:
1423 1073 1499 1116 ipse
1534 1082 1617 1106 vero
1651 1083 1729 1107 cum
1764 1074 1932 1117 superbia
1958 1073 2111 1117 quadam

225 1141 314 1178 illud
358 1151 558 1187 cognomen
598 1143 665 1179 hoc
703 1142 783 1179 loco
824 1141 893 1178 sibi
926 1141 1028 1178 vertit
1065 1141 1185 1177 virtuti
1221 1145 1326 1187 atque
1368 1141 1510 1177 honori.
1563 1139 1620 1178 Sic
1663 1141 1782 1178 omnia
1825 1140 2113 1178 commodissime

225 1210 318 1246 dicta
342 1214 436 1246 sunt.

414 1280 485 1317 lam
517 1291 600 1317 vero
632 1282 737 1317 finem
770 1281 943 1317 faciamus
977 1282 1085 1326 hujus
1119 1281 1279 1326 epistolae
1314 1281 1457 1316 criticae.
1521 1279 1612 1326 Quae
1646 1283 1676 1317 si
1710 1281 1788 1317 Tibi
1824 1280 1915 1317 forte
1948 1282 2113 1317 uberiore

226 1351 284 1386 filo
315 1360 421 1396 quam
446 1351 664 1398 elegantiore
690 1350 851 1387 videatur
874 1359 977 1386 esse:
1015 1350 1116 1386 nolui
1142 1360 1232 1396 opus
1259 1351 1401 1397 exigere
1431 1350 1527 1395 quod
1562 1361 1625 1397 per
1654 1362 1690 1387 se
1725 1357 1761 1386 ut
1785 1353 1832 1386 ita
1864 1351 1979 1385 dicam
2006 1354 2114 1385 staret

226 1424 332 1465 atque
367 1420 507 1456 artificii
538 1421 652 1456 instar
683 1420 876 1468 legentium
910 1420 1048 1454 animos
1075 1419 1267 1455 delectaret
1293 1421 1550 1454 sententiarum
1586 1425 1619 1454 et
1644 1421 1832 1455 verborum
1863 1420 2115 1464 pulcritudine,

225 1489 287 1524 sed
311 1489 404 1533 Tibi,
428 1491 481 1525 vir
506 1491 715 1534 clarissime,
742 1500 797 1526 me
822 1490 1007 1536 applicans
1029 1489 1281 1535 perlustrando
1308 1491 1493 1536 egregium
1520 1489 1637 1526 Tuum
1664 1491 1794 1525 librum
1826 1500 1865 1525 ea
1890 1489 2113 1534 potissimum

226 1563 375 1594 tractare
401 1559 515 1602 volui,
552 1569 631 1604 quae
658 1560 763 1595 etiam
796 1570 816 1595 a
843 1558 894 1594 Te
926 1559 1044 1594 minus
1079 1563 1173 1594 recte
1206 1559 1383 1595 intellecta
1411 1568 1478 1605 ego
1511 1559 1687 1605 explicare
1716 1569 1820 1605 posse
1847 1558 1933 1593 milii
1960 1557 2114 1591 viderer.

227 1626 412 1674 Quidquid
440 1629 550 1676 igitur
574 1629 629 1665 his
661 1629 788 1665 litteris
816 1627 1002 1672 mandavi,
1042 1627 1086 1664 ad
1120 1630 1378 1664 accuratiorem
1415 1628 1549 1663 Horatii
1583 1629 1911 1675 interpretationem
1946 1627 1979 1661 id
2011 1626 2115 1661 velim

225 1698 353 1733 valere.
395 1697 537 1742 Quodsi
563 1700 638 1734 haec
660 1699 921 1743 qualiscunque
945 1699 1110 1744 epistola,
1136 1708 1206 1743 qua
1228 1698 1465 1736 admiratione
1489 1698 1558 1733 Tui
1583 1703 1636 1734 est
1656 1697 1815 1743 perfusa,
1844 1698 1892 1733 Te
1917 1696 2116 1742 paullulum

227 1767 348 1803 incitet
372 1767 417 1803 ad
439 1768 706 1805 accelerandam
731 1768 877 1804 alterius
903 1766 1147 1813 Epistolarum
1173 1767 1256 1803 libri
1283 1766 1474 1803 editionem
1506 1773 1538 1803 et
1567 1767 1610 1803 ad
1645 1766 1839 1812 parandam
1867 1766 1958 1801 ultro
1987 1775 2114 1799 novam

227 1834 421 1871 Satirarum
454 1837 783 1882 interpretationem
816 1846 937 1882 parem
977 1838 1132 1882 egregiae
1171 1836 1223 1870 illi
1268 1838 1466 1870 carminum
1505 1836 1781 1871 Horatianorum
1823 1837 1968 1870 editioni
2012 1845 2116 1879 quam

225 1916 339 1951 nuper
362 1906 566 1950 Nauckius,
591 1908 644 1942 vir
668 1907 914 1950 doctissimus,
945 1906 1104 1951 paravit:
1142 1906 1315 1951 optimum
1347 1916 1428 1941 eum
1456 1906 1564 1951 hujus
1591 1905 1702 1941 libelli
1728 1904 1881 1941 fructum
1906 1904 2046 1940 habebo
2074 1922 2115 1928 —-

225 1975 364 2012 interim
391 1975 455 2012 has
489 1976 801 2013 annotatiunculas
828 1985 868 2012 ea
896 1984 965 2021 qua
997 1974 1092 2010 soles
1114 1975 1333 2010 humanitate
1367 1980 1471 2020 atque
1499 1975 1745 2021 indulgentia,
1779 1985 1918 2019 quaeso,
1950 1975 2111 2018 accipias.

226 2044 326 2087 Vale,
362 2047 414 2079 vir
440 2046 648 2080 clarissime.

412 2154 560 2194 Dabam
588 2152 853 2195 PLOENAE
883 2153 946 2193 die
973 2152 1053 2193 XX
1083 2155 1230 2195 mensis
1257 2153 1392 2195 Martii
1422 2166 1455 2193 a.
1486 2151 1796 2194 MDCCCLVll.
