2585 3173
661 293 751 331 Cum
776 295 911 340 pateris
935 297 1079 342 sapiens
1106 296 1387 341 emendatusque
1413 297 1544 343 vocari,

661 363 951 411 Respondesne'?
998 366 1078 403 Tuo
1105 366 1162 403 dic
1191 366 1297 403 sodes
1325 366 1492 402 nomine!

235 439 360 484 adjicis
387 437 479 472 hanc
506 435 728 480 aptissimam
759 436 1113 479 interpretationem:
1142 435 1316 480 Auqustus
1345 436 1529 469 nominibus
1564 437 1632 468 suis
1663 436 1741 469 adeo
1766 436 1938 480 respondet
1968 442 2005 470 ut
2040 449 2131 471 nemo

234 510 290 555 qm·
319 507 413 542 Varii
435 504 602 539 audiverit
622 505 852 550 panegyricum
875 504 942 548 ejus
970 504 1081 539 laudes
1110 516 1177 539 non
1196 506 1305 550 possit
1334 515 1502 548 aynoscere
1515 516 1527 538 .·
1562 505 1639 549 quid
1675 510 1708 538 tu
1723 505 1741 538 ?
1781 505 1993 550 respondesne
2025 507 2133 540 eodem

234 578 330 612 modo
352 577 396 610 iis
419 574 585 609 vooalndis
609 574 723 619 quibus
741 574 904 618 appellari
928 578 958 607 te
981 575 1137 618 pateris?
1187 573 1257 608 Tuo
1290 575 1344 608 dic
1370 576 1499 608 nomine
1532 585 1607 608 neve
1639 575 1721 608 mihi
1755 575 1905 618 objeceris
1932 580 1961 609 te
1984 576 2024 609 ab
2050 577 2130 610 aliie

235 646 423 682 avi-stimma·
460 644 661 688 respondere.
725 640 818 687 Quae
855 642 1000 688 quidem
1037 645 1156 680 omnia
1194 649 1228 680 et
1261 644 1453 689 perspicue
1491 649 1525 679 et
1562 644 1744 690 eleganter
1781 643 1874 678 dicta
1914 655 1991 680 esse
2027 655 2130 681 nemo

236 716 402 762 negabit:
438 723 519 759 quae
546 722 628 749 vero
660 717 861 757 sequuntur
890 724 1002 758 nempe
1032 714 1086 748 vir
1113 715 1212 748 bonus
1248 719 1279 748 et
1310 714 1454 759 prudens
1479 714 1545 747 dici
1573 713 1711 746 delector
1735 724 1789 756 eqo
1815 724 1852 746 ac
1877 718 1912 746 tu
1938 724 2062 749 vereor
2088 726 2130 750 ne

236 787 353 822 minus
390 788 483 819 recte
520 783 774 827 interpretatus
809 783 872 818 sis.
933 782 1022 819 Nam
1053 783 1108 819 Tu
1134 784 1279 829 quidem
1300 784 1363 819 illa
1389 783 1505 828 ipsius
1532 782 1670 818 Horatii
1696 783 1802 817 verba
1828 787 1946 826 putas.
1998 782 2042 818 At
2071 786 2132 829 qui

236 853 358 900 paullo
382 857 466 898 post
488 852 711 900 gravissimis
737 851 852 887 verbis
875 851 969 887 dicat
998 854 1177 889 neminem
1204 854 1273 889 nisi
1299 853 1512 889 mendosum
1542 857 1575 887 et
1604 851 1853 888 medicandum
1877 851 1967 886 falso
1993 852 2129 889 honore

232 924 372 969 juvari,
400 933 481 958 eum
508 932 581 958 non
606 921 767 958 adducor
792 927 831 957 ut
859 922 1002 958 credam
1028 923 1197 960 delectari
1223 924 1384 959 honestis
1412 923 1632 958 nominibus.
1691 920 1836 957 Accedit
1863 922 1981 966 quod,
2017 925 2046 958 si
2074 924 2133 959 illa

237 993 411 1030 sententia
437 991 573 1028 Horatii
599 997 712 1035 esset,
746 1002 870 1028 versus
895 992 943 1028 33
975 993 1151 1037 particula
1183 993 1404 1029 adversativa
1441 992 1541 1028 nullo
1579 990 1685 1027 modo
1713 1002 1834 1027 carere
1860 997 1995 1036 posset.
2053 992 2135 1038 Qua

237 1061 381 1108 quidem
415 1061 548 1107 optime
581 1065 694 1101 caret,
733 1060 764 1096 si
797 1060 859 1096 illa
889 1059 932 1095 de
958 1060 1090 1106 quibus
1120 1062 1240 1109 agitur
1273 1066 1356 1098 sunt
1387 1062 1493 1097 verba
1527 1059 1687 1106 Quinctii
1719 1060 1764 1095 ad
1799 1069 1879 1106 quae
1913 1070 1944 1094 v.
1980 1060 2027 1097 33
2058 1061 2135 1106 ipse

237 1138 341 1176 poeta
378 1131 607 1174 respondeat.
672 1131 809 1165 Dixerit
845 1132 1001 1174 aliquis:
1042 1130 1235 1174 Quinctius
1269 1134 1299 1167 si
1328 1133 1454 1176 jussus
1495 1137 1548 1166 est
1576 1142 1642 1166 suo
1675 1132 1820 1165 nomine
1858 1131 1975 1164 dicere
2014 1136 2133 1166 utrum

238 1211 357 1237 revera
383 1201 528 1245 sapiens
553 1197 833 1244 emendatusque
863 1199 909 1235 sit
932 1209 1059 1244 necne,
1095 1210 1223 1245 parum
1250 1205 1372 1246 aptum
1397 1205 1450 1236 est
1476 1199 1572 1245 quod
1606 1198 1801 1244 respondet
1826 1210 1936 1244 nempe
1959 1201 2012 1233 vir
2035 1201 2133 1234 bonus

237 1281 276 1304 ac
298 1271 429 1316 sapiens
453 1269 521 1303 dici
549 1270 685 1303 delector
709 1279 764 1313 eqo
788 1279 828 1302 ac
853 1273 898 1302 tu.
971 1267 1088 1314 Quasi
1113 1279 1197 1305 vero
1221 1279 1294 1306 non
1319 1270 1453 1315 saepius
1479 1270 1583 1304 etiam
1613 1269 1650 1302 in
1679 1269 1911 1313 praesentium
1947 1269 2136 1316 colloquiis

238 1341 375 1377 accidat
406 1345 444 1375 ut
475 1340 647 1376 alteruter
680 1341 955 1384 responsionem
984 1340 1056 1375 alio
1091 1340 1251 1376 derivare
1283 1340 1447 1376 studeat:
1484 1340 1552 1374 hoc
1584 1344 1701 1374 autem
1724 1340 1826 1382 loco,
1863 1341 2033 1383 quoniam
2059 1351 2129 1375 non

239 1409 339 1447 adest
374 1407 587 1454 Quinctius,
626 1412 749 1454 poeta,
787 1407 965 1454 siquidem
999 1409 1248 1454 responsionis
1280 1413 1377 1457 eget,
1415 1418 1491 1444 eam
1527 1417 1599 1444 non
1632 1411 1751 1453 potest
1784 1412 1991 1452 exspectare
2022 1409 2091 1443 nisi
2121 1419 2139 1443 a

239 1480 412 1524 proximis
447 1477 611 1521 Quinctii
647 1478 793 1519 litteris,
831 1479 973 1512 interim
1009 1483 1126 1513 autem
1158 1478 1243 1514 facit
1273 1489 1354 1513 eum
1387 1478 1470 1512 falsi
1503 1478 1654 1512 honoris
1686 1476 1857 1522 gaudium
1896 1483 2137 1512 excusantem.

242 1547 386 1594 Optime
422 1547 534 1593 igitur
570 1546 615 1583 ad
659 1547 841 1593 egregiam
885 1546 989 1582 istam
1034 1556 1157 1583 versus
1201 1549 1246 1584 31
1289 1546 1613 1592 interpunctionem
1654 1545 1820 1581 convenit
1862 1555 1902 1581 ea
1946 1555 2026 1590 quae
2064 1546 2139 1591 jam

241 1617 447 1652 inveteravit
469 1617 714 1661 interpretatio
738 1620 778 1650 ut
800 1626 923 1651 versus
949 1616 997 1651 32
1024 1615 1129 1651 detur
1160 1614 1346 1660 Quinctio.

429 1687 513 1720 Item
550 1687 587 1721 in
619 1696 660 1721 ea
699 1695 778 1730 quae
814 1687 980 1730 sequitur
1015 1686 1167 1730 epistola
1201 1686 1314 1728 XVII,
1358 1695 1575 1730 quamquam
1624 1685 1754 1719 iterum
1793 1689 1899 1728 atque
1938 1686 2065 1719 iterum
2104 1686 2139 1719 in

241 1756 402 1792 versibus
427 1756 475 1792 24
503 1760 537 1792 et
560 1755 607 1792 49
634 1760 806 1801 quantum
834 1756 1121 1801 interpunctione
1147 1755 1337 1792 verborum
1373 1755 1500 1791 ceteris
1535 1754 1728 1790 antecellas
1765 1754 1851 1790 satis
1886 1754 2140 1799 comprobasti,

241 1825 475 1860 nihilominus
508 1825 606 1870 quod
632 1835 663 1860 v.
695 1827 719 1860 4
749 1826 961 1871 particulam
987 1830 1095 1860 tamen
1126 1835 1206 1861 cum
1234 1826 1341 1861 verbo
1374 1825 1520 1858 discendi
1552 1825 1794 1869 conjunxisti,
1828 1833 1941 1868 pauca
1976 1823 2141 1868 quaedam

241 1893 406 1932 videntur
442 1894 621 1932 monenda
657 1904 747 1932 esse.
800 1893 1005 1941 Quoniam,
1050 1895 1193 1942 inquis,
1239 1894 1430 1932 antecessit
1469 1895 1638 1941 quamvis,
1686 1893 1830 1931 verbum
1873 1893 2017 1928 discendi
2063 1898 2141 1941 eget

241 1965 416 2009 particula
446 1965 679 2000 adversativa.
732 1965 947 2011 Repugnant
975 1975 1047 2001 non
1081 1966 1198 2001 solum
1235 1965 1345 2000 multa
1377 1963 1474 2009 apud
1505 1966 1625 2009 ipsum
1658 1962 1843 1999 Horatium
1878 1962 2060 2007 exempla,
2104 1969 2141 1997 nt

243 2033 315 2069 od.
343 2034 376 2077 l,
418 2037 481 2077 14,
521 2036 566 2070 11
592 2038 625 2069 et
648 2033 715 2079 ΙΙΙ,
741 2036 807 2078 10,
843 2036 909 2076 13,
944 2034 1007 2070 scd
1039 2035 1144 2070 etiam
1171 2035 1262 2070 ratio
1286 2035 1421 2081 linguae
1446 2034 1679 2078 obloquitur:
1707 2043 1787 2069 nam
1813 2033 1957 2068 verbum
1985 2033 2140 2073 discendi,

243 2112 353 2148 quum
392 2104 548 2150 primum
591 2104 701 2140 totius
745 2104 1009 2141 enunciationis
1053 2105 1213 2141 obtineat
1254 2104 1396 2148 locum,
1444 2103 1555 2139 multo
1603 2103 1745 2150 gravius
1789 2101 1962 2149 particula
2006 2101 2139 2136 omissa

244 2174 440 2216 opponitur
464 2174 509 2208 iis
533 2183 614 2217 quae
638 2178 919 2216 antecesserunt,
942 2183 1049 2218 quam
1076 2175 1107 2208 si
1134 2174 1328 2208 adderetur
1350 2173 1540 2218 particula.
1584 2172 1675 2205 Tum
1701 2181 1782 2205 vero
1808 2173 1839 2204 si
1865 2181 1941 2204 eam
1968 2171 2141 2204 voluisset

243 2246 349 2287 poeta
388 2253 469 2280 cum
505 2242 568 2280 illo
607 2243 715 2280 verbo
749 2243 938 2292 conjungi,
971 2244 1051 2290 quis
1089 2255 1166 2281 eam
1204 2244 1241 2280 in
1279 2243 1348 2280 fine
1383 2243 1491 2280 totius
1530 2241 1792 2279 enunciationis
1830 2241 1983 2286 positam
2022 2239 2144 2286 ferret,

244 2313 442 2355 praesertim
480 2317 563 2358 post
596 2313 729 2348 inserta
767 2313 941 2348 vocabula
977 2318 1017 2348 ut
1054 2315 1085 2347 si
1119 2324 1219 2347 caecioe
1256 2314 1318 2347 iter
1349 2317 1533 2346 monstrare
1569 2310 1676 2344 velit?
1736 2309 1899 2344 Profecto
1941 2311 1992 2345 sic
2025 2312 2143 2355 posita

243 2381 419 2424 particula
457 2383 546 2417 adeo
580 2382 769 2428 langueret
799 2387 836 2416 ut
866 2384 976 2417 totius
1007 2384 1192 2418 sententiae
1225 2384 1276 2418 vis
1311 2382 1580 2428 infringeretur.
1646 2378 1767 2423 Quare
1803 2389 1875 2413 non
1907 2379 2145 2415 dubitandum

246 2453 300 2485 est
324 2450 410 2494 quin
437 2456 545 2486 tamen
570 2456 691 2497 aptum
712 2451 758 2487 sit
781 2449 824 2486 ad
853 2460 930 2486 eam
949 2461 1028 2496 quae
1055 2452 1218 2497 sequitur
1243 2451 1600 2497 comprehensionem
1626 2449 1838 2484 verborum:
1866 2453 1975 2482 tamen
2003 2449 2144 2496 adspice,

248 2517 312 2553 sed
339 2518 586 2556 difficultatem
604 2520 712 2564 huJus
738 2519 930 2555 locutionis
958 2530 1088 2565 parum
1109 2526 1333 2567 perspectam
1361 2520 1527 2555 habueris
1552 2519 1612 2563 qui
1636 2517 1735 2553 dicas
1759 2518 1807 2552 ita
1833 2517 1978 2561 quidem
2002 2523 2147 2562 poetam

245 2587 389 2624 disertis
428 2590 545 2626 verbis
576 2599 724 2626 monere
758 2599 802 2625 ne
841 2594 969 2626 temere
1002 2589 1204 2636 discipulus
1240 2591 1309 2627 sibi
1348 2589 1486 2632 credat,
1525 2597 1602 2624 eam
1640 2592 1758 2623 autem
1805 2585 2089 2624 admonitionem
2129 2599 2149 2624 a

246 2659 433 2703 proposito
467 2660 619 2695 alienam
652 2670 743 2696 esse.
791 2659 936 2695 Minime
967 2670 1051 2695 vero
1085 2664 1138 2695 est
1172 2660 1311 2696 aliena:
1353 2659 1437 2705 quid
1467 2655 1591 2695 enim?
1629 2658 1691 2702 qui
1723 2656 1844 2702 lepida
1875 2666 1957 2693 cum
1989 2659 2148 2694 veritatis

249 2728 492 2773 superlatione
518 2740 556 2766 se
584 2731 661 2775 ipse
690 2735 875 2775 comparat
909 2740 989 2766 cum
1022 2738 1116 2766 caeco
1144 2729 1289 2766 homine
1320 2730 1381 2774 qui
1414 2729 1497 2764 velit
1530 2729 1597 2764 iter
1623 2732 1842 2771 monstrare,
1880 2737 2000 2764 nonne
2027 2730 2057 2764 is
2084 2729 2149 2764 hac
