2585 3173
1205 142 1269 185 23

288 333 376 373 dos:
403 344 434 371 v.
465 334 484 372 1
502 351 544 361 ·-
562 332 618 371 13.
670 331 729 369 31.
783 328 961 367 14-17,
1007 325 1189 366 32-39,
1241 325 1396 364 18-›30.
1423 324 1604 362 40-44,
1663 320 1736 370 Qui
1762 320 1904 370 quidem
1932 320 2021 359 ordo
2056 330 2126 369 qua
2154 330 2190 357 re

289 404 421 440 sactum
467 404 515 438 sit
562 405 602 436 ut
644 401 800 445 primum
841 398 1047 433 turbaretur
1092 398 1238 433 nescio:
1293 404 1506 440 persuasum
1551 395 1666 429 habeo
1706 394 1892 437 epistolam
1938 393 2080 437 qualern
2127 401 2194 437 ego

292 475 510 510 restituerim
537 471 649 508 multo
675 470 894 515 pulcriorem
919 473 1027 513 atque
1048 467 1306 514 elegantiorem
1334 476 1412 502 esse
1437 475 1477 501 ea
1508 475 1616 510 quam
1652 462 1769 500 adhuc
1798 462 1962 509 legimus.
2024 461 2113 498 Nam
2146 462 2193 497 ita

294 553 366 580 non
392 542 511 580 solum
541 550 598 577 res
629 537 820 586 primaria,
860 536 1039 583 expositio
1075 544 1265 572 causarum
1298 543 1362 570 cur
1395 543 1456 570 rus
1492 533 1661 580 praeferat
1691 532 1789 575 urbi,
1827 531 1863 566 in
1895 531 2010 567 media
2043 529 2194 576 epistola

294 613 467 648 collocata
500 615 572 652 est,
612 609 674 644 sed
713 609 820 643 etiam
857 608 974 651 ipsius
1006 610 1041 640 et
1070 606 1180 640 villici
1214 605 1435 648 comparatio
1471 605 1583 638 multo
1614 603 1815 646 simplicior
1844 606 1950 644 atque
1984 601 2196 636 concinnior

295 683 456 720 videtur:
492 680 678 717 sententiae
716 686 800 715 vero
841 681 914 713 tam
943 679 1024 722 apte
1062 675 1155 712 inter
1190 685 1228 712 se
1264 675 1399 721 jnnctae
1437 677 1519 710 sunt
1556 678 1594 710 ut
1636 681 1816 718 nusquam
1854 671 1891 706 in
1925 669 2195 707 transitionibus

296 751 475 787 offendere
506 749 639 793 possis.

486 818 530 853 Et
564 818 620 853 his
660 815 804 861 quidem
848 815 995 851 uberius
1033 815 1208 859 expositis
1245 814 1362 849 obiter
1396 812 1447 847 Te
1481 812 1654 847 monitum
1690 811 1771 847 volo
1811 810 1855 846 de
1897 808 1975 844 Tua
2017 816 2140 842 versus
2175 807 2196 842 6

297 886 605 933 interpretatione.
668 884 758 920 Nam
792 883 890 929 quod
924 882 980 918 Tu
1012 882 1139 918 Lamioe
1165 885 1323 929 pietatem
1352 886 1384 915 et
1414 890 1527 914 curam
1561 880 1612 915 vis
1646 889 1724 915 esse
1751 878 1890 914 Horatii
1924 886 2010 922 erga
2039 875 2196 910 Lamiam

296 960 464 1004 pietatem
501 961 607 1000 atque
645 956 724 999 ejus
761 963 827 998 pro
865 954 928 988 illo
967 963 1111 995 curam,
1150 953 1284 998 linguae
1318 952 1409 986 ratio
1445 951 1504 985 isti
1541 949 1826 993 interpretationi
1870 948 2000 982 obstat.
2076 944 2198 986 Pietas,

300 1028 472 1075 quoniam
492 1024 528 1060 id
555 1023 767 1060 vocabulum
795 1033 868 1058 non
898 1034 919 1058 a
944 1022 1054 1058 verbo
1076 1022 1264 1057 transitivo
1292 1020 1389 1066 quod
1418 1019 1550 1056 dicitur
1573 1022 1691 1063 potest
1717 1016 1881 1057 derivari,
1907 1023 2094 1059 nunquam
2120 1021 2200 1048 cum

299 1098 363 1134 illo
389 1104 496 1141 quem
522 1093 576 1128 Tu
603 1093 655 1129 vis
682 1091 846 1128 Genitivo
873 1092 1131 1138 conjungitur:
1170 1095 1224 1125 est
1250 1099 1380 1125 nomen
1404 1089 1624 1124 absolutum.
1676 1087 1849 1122 Praeterea
1877 1096 1920 1121 ex
1947 1085 2024 1119 Tua
2051 1082 2197 1127 quidem

299 1167 475 1204 sententia
510 1162 740 1200 scribendum
778 1161 906 1198 fuisset
938 1163 1043 1208 pietas
1079 1166 1173 1206 atquc
1212 1172 1308 1203 cura,
1349 1169 1422 1194 non
1451 1159 1559 1204 pietas
1589 1163 1621 1191 et
1652 1168 1739 1191 cura.
1803 1156 1923 1201 ltaque
1957 1155 2054 1190 hunc
2083 1151 2200 1187 verbis

300 1236 418 1272 inesse
445 1237 531 1279 puto
557 1239 727 1267 sensum?
764 1229 823 1265 Mo
852 1234 1002 1263 moratur
1034 1228 1161 1263 Lamioe
1185 1239 1261 1273 crya
1284 1229 1425 1272 fratrem
1448 1228 1555 1272 pieta-s
1580 1231 1610 1258 et
1637 1226 1704 1270 ejus
1726 1236 1786 1270 pro
1809 1226 1902 1257 domo
1932 1224 2051 1267 fratris
2078 1221 2203 1252 mortui

304 1318 392 1341 cura.
443 1303 503 1340 Sic
527 1303 648 1338 omnia
674 1301 841 1336 videntur
861 1306 956 1337 recte
978 1301 1124 1336 habere.

497 1370 678 1406 Adeamus
711 1370 823 1417 igitur
855 1369 900 1405 ad
938 1369 1128 1415 epistolam
1163 1367 1237 1403 XV.
1298 1367 1337 1402 In
1370 1375 1441 1412 qua
1469 1374 1579 1411 quum
1608 1365 1717 1400 multa
1744 1364 1977 1410 probabiliter
2002 1360 2203 1405 exposuisti

301 1451 376 1481 tum
407 1443 451 1479 de
485 1451 609 1478 scurra
643 1441 782 1476 urbano
816 1443 866 1481 (v.
903 1440 969 1482 27)
1006 1439 1208 1475 disseruisti
1238 1438 1287 1472 ita
1319 1441 1358 1472 ut
1388 1436 1440 1471 vel
1475 1446 1518 1471 ex
1552 1445 1622 1470 una
1660 1435 1726 1470 hae
1759 1434 1989 1470 adnotatione
2016 1433 2201 1475 appareat,

303 1525 408 1561 quam
446 1511 591 1559 egregie
630 1509 686 1547 Tu
724 1510 870 1555 quidem
904 1514 938 1546 et
974 1521 994 1546 a
1031 1513 1157 1545 natura
1195 1512 1229 1543 et
1261 1517 1282 1543 a
1320 1505 1484 1542 doctrina
1519 1503 1563 1541 ad
1595 1503 1885 1549 interpretandos
1917 1501 2057 1537 Horatii
2089 1499 2203 1535 libros

304 1585 501 1619 instructus
528 1582 591 1615 sis.
642 1580 728 1613 Item
755 1589 835 1623 quae
862 1579 906 1613 ad
933 1589 965 1613 v.
996 1580 1040 1613 13
1067 1578 1110 1612 de
1135 1576 1274 1611 difficili
1300 1576 1362 1609 illo
1387 1579 1493 1618 atque
1523 1583 1650 1617 parum
1675 1578 1759 1616 apto
1785 1572 1960 1606 vocabulo
1988 1571 2043 1603 sed
2068 1568 2204 1607 dixisti,

303 1654 436 1690 mirum
473 1655 527 1687 est
564 1654 736 1695 quantum
777 1648 910 1685 distent
943 1647 988 1684 ab
1028 1647 1214 1690 omnibus,
1252 1654 1332 1691 quae
1375 1644 1502 1689 ceteri,
1540 1643 1718 1688 imprimis
1756 1640 1938 1683 Orellius‚
1978 1639 2044 1675 hac
2086 1636 2129 1673 de
2168 1645 2206 1672 re

304 1720 475 1758 hariolati
509 1722 606 1754 sunt.
659 1717 782 1763 Neque
818 1721 936 1753 tamen
963 1716 1059 1762 quod
1090 1720 1233 1762 poetam
1256 1715 1308 1750 ais
1335 1722 1414 1747 cum
1443 1712 1613 1756 superbia
1639 1710 1794 1755 quadam
1820 1710 1978 1743 voluisse
2003 1707 2146 1752 quidem
2172 1706 2207 1738 in

304 1792 434 1835 logicae
460 1793 639 1832 praecepta
667 1798 830 1830 peccare,
855 1787 951 1821 velut
973 1788 1003 1821 si
1030 1787 1110 1829 quis
1137 1786 1338 1830 germanice
1369 1783 1487 1817 dicat:
1533 1781 1706 1823 Verqebem
1736 1780 1847 1813 suchte
1879 1780 1936 1812 der
1966 1777 2095 1821 ρεπεν-αἰ
2123 1776 2208 1808 scine

307 1860 389 1896 lcute
415 1870 492 1895 zum
528 1857 637 1892 stolam
667 1866 711 1891 zu
749 1856 908 1902 brinqcn:
944 1855 1021 1890 aber
1056 1855 1103 1890 sie
1128 1864 1240 1889 waren
1275 1852 1368 1886 nicht
1396 1862 1439 1886 zu
1471 1849 1597 1895 hatten,
1636 1848 1724 1884 mihi
1761 1846 1890 1883 videris
1925 1845 2071 1881 omnino
2115 1847 2208 1878 recle

306 1929 561 1972 interpretatus
592 1935 670 1960 esse
697 1925 829 1960 locum.
892 1924 1009 1959 Distat
1044 1924 1139 1958 enim
1177 1923 1400 1966 aliquantum
1432 1919 1528 1954 istud
1569 1918 1771 1962 exemplum
1798 1917 2044 1963 germanicum
2072 1915 2114 1948 ab
2142 1914 2206 1946 hoc

308 1997 405 2044 quod
429 2001 637 2034 tractamus.
663 2022 666 2023 γ
696 1996 785 2032 Nam
812 1995 908 2041 quod
935 1995 1016 2040 quis
1047 1994 1115 2030 levi
1140 1992 1314 2029 vocabulo
1341 1991 1509 2036 vcryebms
1534 1988 1700 2036 neglecto
1727 1989 1775 2024 ita
1802 1987 1988 2023 continuat
2011 1984 2205 2021 orationem

307 2067 412 2112 quasi
438 2066 587 2101 omnino
619 2075 691 2100 non
718 2065 763 2100 sit
787 2064 942 2107 dictum,
970 2062 1074 2098 facile
1113 2062 1302 2097 ferendum
1335 2060 1497 2094 videtur:
1536 2057 1707 2092 Horatius
1740 2066 1824 2091 vero
1869 2055 1964 2100 quod
2000 2053 2208 2089 cumulatius

308 2139 502 2182 scripserat
533 2137 615 2170 loeva
643 2136 863 2170 stomachosus
893 2135 1039 2176 habena,
1077 2132 1114 2168 id
1141 2143 1213 2168 non
1235 2131 1382 2177 'poterat
1405 2130 1475 2166 isto
1499 2127 1608 2164 modo
1634 2127 1832 2174 negligere.
1900 2125 1942 2161 Et
1969 2134 2034 2171 ego
2063 2119 2206 2166 quidem

309 2205 473 2241 Flaccum
507 2204 663 2250 equitem
699 2213 743 2240 ne
777 2203 965 2238 minimum
998 2201 1143 2247 quidem
1180 2199 1392 2235 crediderim
1420 2207 1483 2233 ore
1512 2197 1637 2242 loqui:
1676 2205 1758 2230 nam
1784 2194 1881 2240 quod
1909 2193 1962 2227 Tu
1995 2191 2098 2225 verba
2127 2190 2207 2221 toeta

308 2276 526 2308 stomachosus
553 2274 678 2307 habena
701 2274 974 2317 interpretaris:
1015 2272 1097 2305 laeva
1120 2271 1319 2304 stomachose
1344 2270 1472 2313 flectens
1504 2268 1646 2308 habena,
1687 2266 1722 2300 id
1751 2274 1858 2310 posse
1884 2262 2026 2307 quidem
2054 2260 2130 2294 fieri
2157 2263 2210 2292 est

310 2344 566 2386 certissimum,
612 2342 675 2378 sed
711 2351 783 2377 non
821 2341 925 2378 video
963 2350 1029 2377 eur
1065 2349 1138 2376 non
1176 2338 1377 2384 simplicius
1414 2342 1449 2373 et
1492 2336 1692 2383 elegantius
1732 2334 1929 2370 Ablativum
1968 2331 2048 2364 loeva
2085 2328 2210 2362 habena

309 2413 488 2457 pertinere
524 2411 675 2447 velimus
713 2410 758 2446 ad
797 2411 945 2446 verbum
980 2408 1148 2445 dicendi:
1185 2409 1355 2443 nimirum
1394 2415 1546 2452 prorsus
1586 2405 1675 2439 nihil
1707 2404 1791 2439 dicit
1828 2409 1935 2445 eques
1969 2409 2031 2433 ore
2066 2397 2212 2442 quidem

310 2483 481 2526 quoniam
508 2483 616 2518 verba
643 2491 715 2517 non
740 2479 910 2527 intelligit
932 2480 1067 2523 bestia,
1088 2478 1151 2515 sed
1173 2479 1261 2515 laeva
1283 2474 1539 2513 habena'dicit
1562 2475 1620 2510 ille
1646 2474 1668 2508 i.
1694 2484 1723 2508 e.
1752 2471 1890 2506 habena
1916 2469 2096 2515 significat
2121 2476 2215 2512 equo

311 2560 384 2586 nou
412 2548 545 2587 Cumas
571 2550 641 2586 sibi
666 2560 746 2587 esse
773 2551 839 2586 iter
866 2552 928 2585 aut
952 2547 1072 2593 Bajas.
1125 2547 1175 2584 lta
1203 2546 1348 2594 quidem
1374 2547 1406 2582 si
1431 2546 1682 2590 interpretatus
1709 2541 1798 2583 eris,
1831 2548 1902 2574 non
1928 2539 2043 2583 majus
2071 2536 2154 2572 ideo
2180 2537 2216 2570 in

311 2620 485 2656 vocabulo
510 2621 570 2654 sed
602 2621 710 2657 inerit
733 2621 868 2656 vitium.
919 2618 973 2656 Ad
1005 2617 1096 2654 illud
1128 2623 1246 2654 autem
1278 2615 1540 2662 expediendum
1572 2614 1685 2648 miror
1708 2609 1804 2656 quod
1832 2618 1936 2645 nemo
1963 2608 2082 2645 adhuc
2107 2608 2218 2643 inter-

314 2694 458 2736 pretum
484 2689 521 2724 in
556 2689 712 2726 medium
740 2688 889 2735 protulit
915 2687 1139 2725 simillimum
1174 2686 1317 2732 locum,
1358 2694 1463 2732 quem
1496 2682 1647 2730 legimus
1686 2679 1782 2727 apud
1815 2677 1969 2715 eundem
2004 2679 2218 2723 scriptorem

315 2759 389 2796 Sat.
418 2759 451 2804 1,
476 2759 517 2803 5,
542 2761 613 2795 60:
