2585 3173
1250 228 1315 271 30

1164 282 1404 314 mmmmm

342 410 573 461 consuluisse
603 417 710 456 atque
741 410 831 447 adeo
859 410 1104 447 soloecismum
1138 412 1318 458 quendam
1352 413 1388 448 in
1423 410 1610 448 Horatium
1641 410 1821 455 conjicere
1856 409 1910 446 Tu
1947 412 2025 457 ipse
2050 414 2247 450 rectissime

341 479 508 521 sensisti,
537 481 597 523 qui
627 480 832 526 germanice
859 480 910 513 sic
937 479 1066 515 reddas
1094 491 1260 518 versum:

776 548 825 583 Ob
854 550 927 582 dick
953 549 1005 582 die
1026 550 1183 585 habenam
1207 552 1317 595 nicht,
1345 553 1397 586 die
1418 550 1583 594 bestandiq
1605 549 1765 583 darbmde
1787 550 1933 594 peiniqt:

342 618 404 653 sed
430 627 540 663 quum
570 628 634 663 per
668 619 939 665 grammaticam
972 619 1019 654 ita
1057 619 1161 655 liceat
1195 621 1449 666 interpretari,
1489 628 1614 656 vercor
1647 628 1692 654 ne
1725 617 1768 654 ad
1796 619 2056 655 sententiarum
2084 619 2247 656 ordinem

341 696 468 732 parum
488 687 583 722 istud
612 688 658 723 sit
680 693 816 733 aptum.
868 687 1012 724 Scilicet
1039 688 1093 722 Tu
1121 690 1172 724 vis
1200 689 1355 726 Lollium
1377 691 1498 735 juberi
1529 699 1572 726 ex
1598 689 1897 734 pbilosophorum
1930 689 2032 724 libris
2066 700 2104 725 se
2129 691 2247 735 ipsum

342 766 586 802 cognoscere,
627 768 712 792 num
749 768 787 793 se
828 758 960 802 cupido
1000 763 1101 793 vexet
1137 764 1170 793 et
1202 770 1336 804 pavor:
1378 760 1441 795 sed
1475 760 1614 796 etiamsi
1647 759 1734 795 illud
1770 759 1895 805 γνῶθι
1930 759 2073 796 σαυτόν
2101 758 2247 795 Horatio

340 826 555 863 familiarius
582 832 676 863 esset
702 837 808 873 quam
836 832 908 870 est,
942 832 1057 863 tamen
1086 828 1130 863 ab
1157 827 1225 864 hoc
1254 828 1349 872 loco,
1377 829 1511 875 quippe
1535 838 1607 875 quo
1632 833 1809 876 praecepta
1838 827 1981 874 quidem
2009 828 2248 875 philosophice

339 896 553 939 laudentur,
595 898 661 932 ista
697 898 873 932 sententia
913 898 1007 932 foret
1046 898 1175 932 aliena.
1239 899 1360 943 ltaque
1401 900 1607 934 necessario
1646 904 1707 934 aut
1735 909 1814 934 cum
1850 898 2012 942 Bentlejo
2049 910 2089 932 ne
2128 918 2174 925 —
2211 910 2250 932 ne

338 966 568 1000 scribendum
592 973 662 1006 est,
699 972 779 1008 aut,
816 968 912 1011 quod
939 968 1022 1002 boni
1047 968 1129 1002 libri
1157 968 1348 1011 exhibent,
1374 980 1440 1002 non
1465 987 1512 993 —
1536 979 1605 1002 non
1634 974 1668 1004 et
1691 968 1727 1004 id
1752 968 1893 1014 quidem
1921 968 2063 1011 malim,
2097 977 2178 1004 nam
2206 979 2248 1003 ex

337 1044 377 1069 ea
399 1034 551 1070 lectione
578 1040 727 1081 apparet
742 1034 911 1071 facillime
934 1037 1156 1082 corruptelas
1188 1046 1333 1072 manare
1355 1036 1526 1082 potuisse.
1555 1035 1629 1072 Hoc
1657 1038 1769 1084 igitur
1790 1037 1873 1072 dicit
1887 1041 2011 1081 poeta:
2040 1037 2152 1070 doctos
2169 1047 2248 1081 per-

337 1106 519 1137 contaberis
552 1117 617 1148 qua
647 1107 778 1138 ratione
808 1118 904 1149 queas
944 1108 1112 1140 traducere
1148 1109 1261 1141 leniter
1290 1119 1393 1141 ert-um
1418 1109 1440 1141 i.
1466 1119 1491 1141 e.
1517 1119 1582 1152 qua
1606 1109 1736 1141 ratione
1766 1119 1831 1141 non
1856 1108 1972 1153 cupido
1996 1118 2120 1152 semper
2142 1108 2247 1152 imp-3,

337 1185 400 1207 non
431 1185 539 1219 pavor
564 1180 594 1209 et
620 1185 691 1220 spes
715 1180 744 1209 tc
769 1181 862 1210 temet
882 1176 1050 1221 aqitetque.
1119 1174 1207 1212 Nam
1242 1176 1278 1212 in
1310 1176 1376 1212 hac
1402 1176 1479 1223 ipsa
1504 1185 1542 1212 re
1572 1176 1640 1211 vita
1665 1175 1860 1222 tranquilla
1884 1179 1990 1221 atque
2017 1175 2107 1211 lenis
2131 1176 2246 1221 posita

338 1249 390 1277 cst
418 1249 455 1278 ut
482 1245 593 1279 animi
622 1245 953 1288 perturbationibus
982 1247 1085 1279 liberi
1111 1248 1236 1280 simus.

530 1315 669 1349 Rursus
697 1314 793 1358 quod
821 1315 982 1359 ejusdem
1008 1317 1110 1361 epist.
1138 1327 1169 1351 v.
1196 1319 1218 1352 '7
1249 1316 1427 1362 vulgatam
1455 1315 1645 1352 lectionem
1669 1325 1742 1361 quoe
1765 1326 1799 1350 se
1821 1315 2024 1350 commendat
2049 1320 2143 1350 tonsa
2167 1319 2247 1358 mate,

337 1384 486 1417 dentibus
509 1386 594 1417 atris
621 1385 769 1419 omnino
795 1384 940 1420 defendi
972 1395 1078 1430 posse
1113 1395 1223 1432 negas
1248 1391 1281 1421 et
1308 1386 1359 1421 sic
1386 1385 1645 1421 emendandam
1671 1394 1823 1420 censes:
1858 1396 1929 1430 quoe
1958 1390 2029 1419 cute
2055 1396 2088 1419 se
2116 1386 2248 1418 intonsa

337 1454 552 1494 commendat,
577 1456 607 1487 d.
636 1466 679 1496 a.,
700 1454 776 1497 J'am
807 1454 873 1488 hac
900 1454 943 1488 dc
968 1464 1075 1489 causa
1107 1456 1173 1489 ista
1200 1455 1407 1498 conjectura
1434 1456 1553 1490 minus
1578 1455 1777 1499 probabilis
1806 1454 1966 1499 videtur,
1993 1456 2184 1498 quoniam,
2217 1456 2247 1489 si

337 1532 402 1566 pro
435 1524 568 1557 intonsa
594 1524 732 1559 librarii
757 1525 988 1569 scripsissent
1011 1529 1126 1567 tonsa,
1164 1534 1235 1559 non
1271 1523 1353 1559 ideo
1381 1524 1489 1560 verba
1522 1527 1721 1560 mutassent
1748 1522 1892 1559 locum:
1933 1523 2066 1569 quippe
2092 1523 2246 1569 optimus

338 1601 460 1627 versus
482 1592 626 1628 relictus
651 1598 769 1629 esset:
796 1604 867 1638 quoe
891 1598 960 1627 cute
986 1605 1018 1627 se
1037 1598 1130 1627 tonsa
1156 1594 1368 1637 commendat,
1395 1594 1427 1627 d.
1453 1605 1483 1628 a.
1542 1592 1611 1630 Sed
1638 1603 1683 1628 ne
1708 1597 1920 1640 argumenta
1944 1592 2090 1637 quidem
2116 1593 2247 1637 quibus

338 1661 517 1708 vulgatam
544 1662 735 1698 lectionem
762 1664 955 1710 impugnas
982 1663 1026 1698 ad
1054 1673 1127 1698 rem
1156 1668 1238 1709 apta
1265 1667 1361 1699 sunt.
1402 1661 1511 1707 Quod
1531 1664 1625 1698 enim
1647 1671 1831 1698 asseveras
1851 1661 2004 1708 Augusti
2027 1662 2246 1707 temporibus

336 1731 592 1767 nitidissimum
620 1743 797 1777 quemque
824 1734 1100 1779 diligentissime
1126 1738 1270 1769 tonsum
1296 1732 1429 1777 fuisse,
1468 1733 1505 1768 id
1540 1733 1609 1768 huc
1637 1733 1855 1778 pertineret,
1882 1732 1912 1767 si
1945 1741 1965 1768 a
1997 1731 2156 1767 librariis
2181 1741 2246 1777 pro

333 1804 428 1834 tonsa
460 1806 530 1835 cute
556 1801 724 1837 traditum
759 1807 853 1838 esset
875 1807 969 1836 tonso
994 1803 1136 1848 capillo:
1175 1812 1269 1838 nunc
1295 1811 1400 1846 vero,
1428 1803 1600 1848 quoniam
1638 1807 1778 1837 tonsam
1820 1806 1958 1846 cutem,
1995 1801 2064 1847 τήν
2093 1799 2137 1836 ἓν
2166 1801 2245 1849 χρῷ

333 1871 495 1915 κουράν,
517 1872 593 1913 Jam
617 1871 823 1905 Schmidius
851 1872 1132 1906 luculentissime
1159 1872 1415 1907 demonstravit
1442 1873 1647 1916 asperitatis
1675 1870 1805 1907 Stoicae
1829 1870 1964 1914 fuisse,
1991 1870 2146 1906 dubitari
2173 1880 2245 1905 non

335 1945 450 1983 potest
486 1941 574 1984 quin
608 1940 703 1987 vulg.
740 1940 847 1976 lectio
882 1941 928 1976 sit
964 1942 1132 1987 genuina.
1200 1940 1321 1986 Neque
1356 1942 1471 1989 magis
1503 1940 1585 1977 Tibi
1617 1940 1784 1977 assentiri
1809 1948 1957 1987 possum
1993 1938 2037 1975 de
2063 1949 2095 1974 v.
2123 1937 2184 1982 26,
2210 1939 2244 1974 in

334 2018 404 2054 quo
442 2019 506 2055 per
541 2009 768 2056 hyperbaton
804 2010 987 2055 quoddam
1021 2010 1193 2044 vocabula
1226 2013 1324 2044 veluti
1351 2013 1410 2055 pia
1441 2016 1547 2044 mater
1577 2015 1659 2055 post
1690 2021 1729 2043 ac
1760 2010 1935 2045 collocata
1961 2009 2106 2054 quidem
2133 2008 2245 2052 dicas,

333 2080 394 2113 sed
430 2080 687 2125 conjungenda
722 2091 801 2115 esse
837 2091 917 2115 cuni
950 2081 1059 2115 verbo
1093 2083 1244 2124 reqendi:
1288 2081 1392 2125 quale
1428 2081 1655 2126 hyperbaton
1690 2079 1829 2116 sortiter
1867 2090 1959 2127 nego
1997 2078 2093 2126 apud
2134 2078 2246 2115 ullum

334 2149 467 2183 bonum
496 2149 707 2194 scriptorem
736 2149 890 2195 reperiri
919 2158 1039 2194 posse.

528 2219 565 2253 ln
594 2219 743 2263 reliquis
768 2224 886 2254 autem
908 2219 1050 2255 duabus
1079 2219 1241 2265 epistolis
1270 2220 1357 2254 nihil
1382 2220 1525 2254 invenio
1559 2218 1602 2253 de
1631 2229 1703 2264 quo
1732 2229 1751 2254 a
1778 2218 1828 2253 Te
1854 2218 2088 2261 dissentiam,
2116 2222 2247 2263 praeter

335 2297 444 2322 unum
473 2298 612 2323 versum
642 2289 687 2324 39
712 2289 816 2333 epist.
843 2288 934 2323 xlx.
988 2287 1102 2333 Cujus
1134 2298 1247 2333 quum
1276 2292 1395 2324 extent
1420 2289 1733 2333 interpretationes
1758 2288 1857 2333 duae,
1898 2289 2009 2323 altera
2036 2288 2244 2333 explicans:

333 2355 408 2387 Non
440 2368 493 2398 eqo
526 2357 687 2388 nobilium
725 2359 925 2400 scriptorum
957 2358 1095 2390 auditor
1127 2362 1157 2390 et
1192 2358 1282 2390 ultor
1320 2369 1384 2390 esse
1419 2358 1537 2400 diqnor
1570 2363 1607 2390 ut
1640 2359 1873 2401 qrammaticas
1903 2358 2046 2391 ambiam
2081 2357 2185 2389 tribus
2216 2361 2246 2389 et

328 2426 478 2469 pulpita,
507 2425 641 2460 altera:
668 2424 759 2469 Eyo,
787 2428 904 2471 quippe
930 2427 987 2471 qui
1020 2426 1181 2460 nobilium
1212 2437 1274 2460 scr.
1302 2426 1377 2459 aud.
1410 2431 1440 2459 et
1472 2426 1561 2460 ultor
1583 2426 1662 2469 sim,
1700 2437 1766 2459 uon
1791 2426 1907 2470 (liquor
1930 2425 2053 2458 ambire
2075 2435 2121 2468 qr.
2147 2429 2188 2457 tr.
2216 2430 2245 2457 et

327 2495 479 2539 pulpita,
522 2493 575 2528 Tu
611 2495 769 2539 priorem
806 2496 902 2530 illam
935 2496 1061 2540 paucis
1096 2494 1242 2539 quidem
1276 2495 1392 2528 verbis
1428 2494 1489 2528 sed
1517 2496 1595 2529 sine
1623 2495 1695 2530 ulla
1722 2495 1945 2529 dubitatione
1972 2492 2148 2528 refutasti.
2203 2493 2244 2527 Et

332 2565 411 2597 Tuo
446 2574 534 2598 sane
568 2564 671 2606 juret
711 2575 792 2599 nam
826 2575 869 2599 ex
906 2566 966 2599 illa
1001 2565 1299 2609 interpretatione
1334 2569 1367 2598 et
1396 2564 1598 2599 Pronomen
1632 2565 1767 2598 illorum
1796 2562 1958 2598 additum
1986 2572 2064 2598 esse
2095 2562 2243 2598 velimus

331 2643 395 2667 nec
423 2632 528 2668 verba
565 2632 724 2666 nobilium
749 2634 947 2679 scriptoram
970 2643 1062 2669 cum
1104 2632 1274 2679 despectu
1306 2631 1461 2678 quodam
1496 2632 1588 2668 dicta
1625 2642 1703 2668 esse
1741 2635 1904 2677 possunt.
1966 2630 2088 2676 Neque
2127 2636 2244 2666 tamen

330 2704 436 2746 huJ'us
463 2703 531 2737 loci
557 2703 749 2747 explicatio
776 2704 819 2738 ad
846 2704 952 2738 tinem
981 2704 1122 2738 videtur
1150 2703 1321 2747 perducta
1351 2714 1454 2740 esse:
1489 2714 1571 2739 nam
1599 2703 1696 2747 quod
1729 2702 1783 2736 Tu
1818 2706 1852 2736 et
1885 2704 1992 2737 ceteri
2020 2703 2082 2747 qui
2110 2701 2244 2737 Tecum

331 2772 466 2807 faciunt
494 2772 678 2808 Horatium
705 2783 779 2808 suae
808 2783 887 2808 cum
915 2772 1070 2819 Virgilio
1106 2777 1139 2807 et
1162 2771 1269 2808 Vario
1295 2778 1328 2808 et
1364 2773 1509 2808 Tibullo
1546 2770 1821 2807 necessitudinis
1852 2775 1957 2817 atque
1992 2770 2244 2806 familiaritatis

330 2843 545 2877 mentionem
578 2841 694 2878 facere
724 2844 900 2888 censetis,
936 2844 1089 2888 primum
1118 2843 1199 2878 illos
1227 2847 1349 2888 poetas
1377 2852 1449 2878 non
1475 2842 1625 2877 dixisset
1655 2840 1815 2887 nobiles,
1848 2840 1908 2876 sed
1938 2841 2245 2888 magnificentiore
