2585 3173
317 372 495 413 agrestem
528 365 708 411 quendam
732 375 774 400 ac
799 366 974 400 rusticum
1003 365 1183 401 hominem
1211 368 1314 412 quus
1347 365 1472 401 inculti
1502 374 1621 400 mores
1648 364 1735 399 satis
1768 364 1927 400 materiae
1957 364 2002 400 ad
2028 365 2225 409 jocandum

315 436 530 480 praeberent.
582 435 637 470 An
669 445 752 470 vero
775 434 944 470 Horatius
969 436 1084 470 amico
1109 435 1269 478 cuidam,
1308 437 1332 471 i.
1370 447 1401 471 e.
1435 434 1592 481 eleganti
1625 439 1732 479 atque
1765 434 1905 469 urbano
1936 434 2045 470 alicui
2071 437 2223 479 homini,

316 505 515 549 praecipere
541 508 683 549 poterat
711 513 756 539 ne
783 503 959 539 librorum
986 512 1078 539 onus
1105 504 1173 540 sub
1201 504 1258 540 ala
1284 508 1445 549 portaret
1468 508 1505 538 ut
1530 514 1602 538 cwm
1621 502 1743 549 pileolo
1771 502 1875 536 solem
1899 504 2037 538 conviva
2062 504 2227 538 tribulis?

313 573 477 609 Profecto
506 573 560 609 Tu
591 582 663 609 non
690 573 807 620 magis
830 582 937 618 quam
962 582 1028 620 ego
1055 573 1139 610 talia
1167 574 1211 610 ab
1235 575 1352 610 amico
1384 573 1467 609 Tibi
1498 573 1649 619 praecipi
1680 572 1869 618 patereris.
1931 572 2067 610 Verum
2101 578 2154 609 est
2188 573 2225 609 in

315 644 451 678 amicos
477 643 664 677 Horatium
693 652 955 687 nonnunquam
993 643 1116 687 paullo
1154 643 1362 678 liberiorem
1400 653 1480 679 esse
1514 648 1564 685 et,
1601 642 1709 686 hujus
1744 641 1890 686 quidem
1929 643 2042 677 aetatis
2071 642 2226 687 judicio,

315 714 450 758 saepius
477 714 584 749 etiam
611 714 853 759 asperiorem:
881 712 943 748 sed
970 717 1044 748 tum
1072 712 1229 756 demum,
1254 723 1365 758 quum
1393 713 1514 760 studio
1537 713 1723 758 sapientiae
1746 712 1959 757 virtutisque
1981 712 2225 748 inflammatus

315 792 441 817 eorum
476 782 683 817 socordiam
715 782 867 828 castigat
901 787 935 817 et
966 787 1108 817 revocat
1132 782 1177 817 ad
1204 782 1385 817 coelestem
1410 783 1644 827 sapientiam,
1671 781 1761 817 illud
1790 782 1934 821 vitium,
1971 780 2150 825 siquidem
2175 786 2228 816 est

313 852 456 894 vitium,
513 851 713 886 committit.
788 849 982 895 Nunquam
1026 860 1108 886 vero
1154 851 1394 887 urbanitatem
1438 851 1530 887 adeo
1587 851 1741 898 negligit
1787 855 1826 886 ut
1871 850 1995 886 amicis
2035 850 2228 895 exprobret

313 921 559 955 rusticitatem.

502 989 574 1024 Iam
605 998 688 1023 vero
721 989 752 1024 si
785 988 877 1024 hanc
911 989 955 1024 ad
989 988 1132 1024 Vinium
1165 990 1373 1025 schedulam
1401 989 1571 1024 Horatius
1599 989 1712 1025 voluit
1743 988 1856 1024 videri
1881 998 2000 1023 veram
2022 988 2225 1032 epistolam,

311 1058 438 1094 Vinius
473 1063 613 1100 autem,
657 1058 730 1093 sive
757 1058 967 1093 tabellarius
996 1057 1063 1093 suit
1088 1059 1162 1094 sive
1185 1068 1279 1094 unus
1307 1069 1350 1094 ex
1376 1060 1536 1103 quinque
1561 1058 1633 1093 illis
1658 1059 1764 1093 bonis
1791 1058 1978 1103 patribus,
2017 1056 2061 1092 de
2093 1057 2225 1102 quibus

310 1127 472 1171 loquitur
496 1126 561 1171 Ep.
591 1126 685 1171 XlV,
725 1127 767 1170 3,
807 1132 901 1162 recte
932 1132 1079 1172 putatur
1110 1129 1267 1162 rusticus
1300 1128 1408 1162 homo
1444 1132 1478 1162 et
1503 1128 1710 1174 pinguioris
1737 1127 1896 1174 ingenii:
1935 1137 1999 1162 cur
2026 1125 2167 1161 tandem
2195 1130 2229 1161 et

310 1205 382 1240 quo
417 1201 576 1240 tempore
603 1197 752 1231 omnino
788 1196 865 1231 haec
896 1197 1049 1241 epistola
1072 1197 1218 1240 *scripta
1257 1207 1336 1231 esse
1369 1201 1487 1241 potest
1519 1196 1666 1231 videri?
1715 1195 1805 1231 Nam
1841 1196 1887 1231 ad
1920 1195 2063 1231 Vinium
2104 1204 2227 1230 revera

316 1275 395 1301 eam
421 1266 569 1301 missam
595 1276 673 1301 esse
700 1276 771 1310 qua
795 1265 916 1300 denuo
951 1265 1143 1301 doceretur
1176 1265 1360 1312 quomodo
1393 1266 1507 1301 libros
1539 1265 1707 1301 redderet
1738 1264 1919 1312 Augusto,
1960 1275 2064 1300 nemo
2097 1265 2230 1310 poterit

313 1335 482 1381 credere,
521 1335 725 1380 praesertim
764 1344 875 1380 quum
912 1334 1106 1371 admodum
1147 1336 1335 1380 probabile
1378 1336 1424 1371 sit
1469 1335 1571 1371 illum
1612 1334 1795 1371 hominem
1839 1345 1882 1370 ne
1924 1335 2045 1382 legere
2084 1333 2228 1380 quidem

308 1399 470 1450 potuisse
497 1405 700 1449 epistolam.
751 1404 905 1449 Propter
932 1405 1051 1449 ipsum
1078 1405 1190 1451 igitur
1214 1403 1417 1452 Augustum
1449 1405 1584 1450 scripta
1612 1408 1689 1440 est:
1728 1414 1798 1449 qua
1828 1404 1873 1440 de
1899 1415 1937 1440 re
1968 1414 2079 1450 quum
2104 1414 2229 1440 omnes

310 1474 383 1509 sere
417 1476 632 1518 interpretes
669 1475 867 1509 rectissime
904 1475 1108 1508 consentire
1152 1474 1361 1517 videantur,
1402 1484 1507 1509 nemo
1549 1478 1686 1516 tamen,
1724 1473 1821 1518 quod
1859 1475 1987 1516 sciam,
2026 1475 2228 1509 accuratius

310 1545 479 1588 exposuit
505 1544 689 1588 quomodo
715 1544 807 1579 hanc
834 1544 1025 1588 epistolam
1053 1553 1125 1578 non
1153 1544 1197 1578 ad
1225 1543 1449 1591 Augustum,
1479 1549 1516 1578 ut
1542 1545 1590 1579 ita
1619 1543 1749 1586 dicam,
1781 1543 1845 1579 sed
1869 1543 2035 1589 Augusto
2058 1545 2229 1587 scriptam

311 1612 382 1649 sibi
409 1611 559 1660 fingeret
581 1613 614 1649 ei
637 1613 856 1650 insinuatam
884 1622 977 1650 esse.
1023 1610 1123 1649 Unus
1152 1611 1357 1650 Schmidius
1385 1623 1463 1650 eam
1488 1613 1643 1650 breviter
1667 1612 1754 1649 dicit
1772 1611 1879 1650 simul
1904 1622 1985 1649 cum
2007 1612 2228 1649 carminibus

311 1683 522 1726 imperatori
547 1693 624 1717 esse
648 1683 780 1717 datam.
821 1682 863 1717 Et
888 1687 981 1717 recte
1006 1682 1066 1716 ille
1092 1682 1265 1726 quidem:
1301 1683 1364 1717 sed
1391 1692 1463 1727 quo
1489 1683 1633 1718 tandem
1660 1687 1766 1726 pacto
1790 1692 1867 1717 eam
1896 1683 2035 1719 miserit
2057 1682 2228 1717 Horatius

311 1757 414 1788 tacet.
476 1751 565 1786 Mihi
598 1761 682 1787 vero
725 1762 797 1787 non
838 1751 986 1787 dubium
1029 1751 1169 1787 videtur
1209 1753 1296 1797 quin
1342 1753 1448 1789 etiam
1489 1753 1526 1788 iu
1565 1751 1739 1788 mittenda
1779 1752 1846 1787 hac
1884 1751 2056 1788 schedula
2092 1750 2229 1787 facetiae

311 1821 518 1856 Horatianae
551 1822 701 1867 agnosci
730 1822 925 1865 potuerint.
978 1821 1144 1856 Fortasse
1179 1839 1228 1847 ——-
1265 1822 1446 1866 siquidem
1480 1823 1516 1856 in
1558 1832 1597 1856 re
1629 1831 1782 1865 prorsus
1810 1822 1946 1856 incerta
1969 1821 2014 1855 ad
2041 1820 2228 1856 libidinem

310 1890 393 1925 licet
434 1891 683 1935 conjecturam
727 1889 846 1925 facere
895 1909 939 1915 —
982 1891 1079 1926 bono
1127 1900 1193 1925 suo
1231 1889 1337 1926 Vinio
1380 1890 1488 1926 simul
1535 1900 1615 1926 cum
1660 1890 1904 1925 voluminibus
1948 1890 2099 1935 signatis
2136 1889 2230 1924 hanc

310 1960 499 2004 epistolam
533 1959 701 2002 tradidit,
740 1960 846 2004 quasi
883 1961 1002 1995 omnia
1039 1959 1223 1996 reddenda
1257 1965 1378 1995 essent
1419 1959 1611 2007 Augusto:
1652 1964 1686 1995 et
1723 1960 1772 1995 ita
1812 1958 1960 1995 tradidit
1995 1964 2033 1994 ut
2070 1959 2145 1994 haec
2185 1958 2230 1995 ad

309 2029 454 2065 Vinium
479 2029 612 2065 scheda
642 2039 759 2073 neque
785 2030 927 2075 signata
956 2039 1070 2073 neque
1104 2040 1183 2065 cum
1219 2030 1291 2065 illis
1327 2030 1573 2065 voluminibus
1608 2040 1681 2065 uno
1717 2029 1891 2065 fasciculo
1924 2029 2093 2074 colligata
2123 2033 2228 2063 esset.

308 2098 438 2135 Vinius
464 2102 602 2143 autem,
643 2108 765 2134 coram
797 2097 964 2146 Augusto
994 2097 1203 2143 admissus,
1253 2103 1287 2134 et
1320 2098 1533 2135 fasciculum
1566 2099 1598 2135 ei
1635 2103 1669 2135 et
1693 2098 1903 2136 schedulam
1933 2097 2051 2135 reddit
2080 2098 2230 2145 ignarus

310 2168 495 2213 quomodo
522 2179 542 2203 a
569 2168 717 2203 domino
754 2168 914 2203 ludatur.
974 2168 1141 2202 Rusticus
1172 2169 1285 2215 igitur
1311 2169 1421 2202 homo
1447 2178 1588 2203 summa
1613 2178 1694 2203 cum
1721 2169 1948 2214 simplicitate
1974 2168 2163 2213 epistolam
2185 2166 2230 2202 ad

311 2248 349 2274 se
385 2239 505 2283 ipsum
543 2240 716 2283 scriptam
753 2237 816 2274 dat
847 2237 1013 2285 Augusto
1055 2239 1176 2283 itaque
1213 2239 1328 2283 ipsius
1362 2249 1443 2273 cum
1482 2239 1586 2274 asino
1614 2240 1920 2283 comparationem
1960 2238 2230 2283 quodammodo

314 2307 539 2352 probabilem
567 2308 701 2344 reddit:
731 2306 917 2355 Augustus
952 2311 1071 2342 autem
1106 2306 1316 2342 schedulam
1341 2312 1513 2353 tanquam
1544 2308 1614 2343 sibi
1639 2308 1849 2353 inscriptam
1875 2308 2020 2353 accipit,
2047 2312 2122 2342 tum
2149 2316 2230 2341 vero

313 2387 354 2412 ea
379 2378 535 2422 perlecta
561 2379 679 2422 primo
706 2377 907 2413 delectatur
928 2386 1053 2412 errore
1084 2378 1207 2413 nuncii
1242 2388 1348 2422 quem
1380 2383 1551 2423 tanquam
1583 2383 1750 2414 truncum
1781 2379 1819 2413 in
1852 2388 1924 2423 quo
1956 2383 2063 2423 poeta
2088 2378 2230 2422 lepores

311 2455 398 2481 suos
432 2446 629 2490 perdiderit
661 2446 778 2490 ridet,
820 2446 952 2482 deinde
977 2445 1116 2481 Horatii
1151 2445 1351 2482 urbanitate
1386 2452 1493 2492 atque
1526 2445 1715 2482 festivitate
1745 2452 1935 2492 perspecta
1967 2445 2100 2493 gaudet
2123 2450 2231 2491 atque

312 2515 466 2551 miratur
489 2516 616 2561 'quam
661 2516 753 2553 belle
796 2527 838 2553 ac
886 2515 1006 2562 lepide
1048 2519 1155 2560 poeta
1196 2515 1240 2551 ab
1280 2518 1378 2553 omni
1415 2516 1589 2553 molestiae
1629 2517 1984 2562 importunitatisque
2022 2515 2231 2561 suspicione

313 2586 382 2621 sibi
406 2587 551 2622 caverit.

505 2654 598 2702 Quae
625 2655 773 2703 quidem
806 2656 837 2691 si
870 2660 966 2692 recte
998 2655 1105 2692 uobis
1140 2656 1341 2703 excogitata
1372 2661 1478 2701 sunt,
1521 2655 1691 2692 facillime
1720 2660 1872 2702 apparet
1903 2655 2009 2691 etiam
2040 2665 2106 2691 cur
2138 2665 2170 2691 v.
2207 2655 2231 2691 2

311 2728 443 2769 siqnata
470 2728 651 2762 volumina
676 2727 770 2761 dicta
797 2727 881 2761 sint.
922 2726 1048 2770 Neque
1074 2727 1169 2760 enim
1195 2727 1364 2761 admonet
1382 2727 1550 2761 Horatius
1576 2726 1722 2761 Vinium
1742 2737 1786 2761 ne
1813 2727 1992 2761 curiosius
2019 2725 2232 2761 fasciculum

310 2795 471 2842 resignet
498 2815 542 2821 —
571 2795 657 2841 quid
685 2796 753 2833 hoc
780 2795 952 2833 attinebat
975 2794 1020 2832 ad
1048 2794 1232 2831 hominem
1258 2796 1320 2841 qui
1347 2805 1390 2832 ne
1414 2795 1535 2843 legere
1570 2794 1716 2841 quidem
1745 2791 1882 2832 sciret?
1920 2814 1966 2821 —
2006 2805 2123 2841 neque
2150 2805 2231 2832 eum
