2585 3173
1112 160 1357 244 aee-{tm

274 338 562 377 dissentiendum
593 338 790 376 videretur.
855 322 1133 388 Quaelqntee-
1155 350 1231 387 per·
1247 340 1371 377 literas
1409 339 1543 376 Tecum
1577 338 1664 374 mibi
1688 338 1795 374 liceat
1826 340 2125 375 communicare:
2163 339 2194 374 si

273 417 350 444 non
376 410 521 453 omnia,
558 418 675 454 pana
699 407 857 445 nume
884 407 1254 454 'stupratamet
1281 411 1314 445 si
1341 419 1415 445 uuo
1446 409 1528 444 loco
1559 409 1597 443 in
1628 406 1768 442 Horatii
1805 408 2102 452 interpretatione
2138 416 2195 442 me

272 475 412 523 aliquid
437 464 653 524 profecisse.
674 474 888 522 concedes,
910 478 1035 524 om
1057 477 1226 524 pretinm
1257 476 1387 515 fecisse
1421 477 1510 514 mihi
1544 475 1708 512 videbor.
1766 475 1855 513 Nam
1889 477 1928 513 iu
1951 477 2021 514 boc
2046 485 2194 522 quoque

275 553 409 590 genere
432 544 526 582 valet
551 545 791 581 notationum
815 544 932 582 illud:
958 545 1183 590 Ριὺισῂιΰυι
1204 547 1370 591 placa-im
1393 548 1478 580 viris
1499 554 1566 578 non
1587 546 1708 578 ultima
1732 546 1805 578 lam
1836 550 1891 578 est.
1943 545 1995 580 Ac
2026 554 2071 580 ne
2100 543 2194 578 forte

273 614 431 663 mireris,
451 624 520 653 cur
544 622 633 663 ego,
654 612 765 652 bomo
793 612 987 663 ignobilia,
1015 612 1101 652 Tibi
1120 613 1213 653 Viro
1238 615 1440 653 clarissimo
1465 614 1656 661 epistolam
1680 613 1768 651 dare
1794 613 1996 660 maluerim,
2014 624 2124 660 quam
2150 612 2194 650 de

272 684 366 719 libro
390 683 471 719 Tuo
495 689 718 727 componere
741 682 927 727 libellum,
956 692 1031 719 uon
1065 682 1150 719 Tibi
1172 681 1423 730 potissimum,
1458 683 1522 719 sed
1548 684 1727 718 universae
1756 682 1982 718 eruditorum
2004 683 2192 717 hominum

273 754 407 791 civitati
432 745 593 791 oblatum
606 757 620 789 ι’
641 761 716 789 nou
742 751 853 790 modo
872 752 971 796 huuc
1000 753 1293 799 qualemcunque
1314 753 1471 790 fructum
1494 754 1752 790 scholasticum
1776 752 1860 788 Tibi
1881 752 2086 788 dedicatum
2113 763 2193 787 esse

271 821 400 867 velim,
435 819 500 859 sed
526 823 721 867 postquam
752 819 953 870 Hamburgi
982 819 1046 866 ,Te
1072 814 1178 866 fudi,
1216 821 1267 859 ita
1303 830 1406 866 meo,
1424 822 1564 858 animo
1583 821 1789 858 obversaris
1820 820 1930 857 etiam
1965 820 2118 865 absens,
2157 824 2196 855 ut

271 892 477 925 humanitas
515 894 625 932 atquc
666 890 854 924 urbanitas
890 890 971 925 Tua
1000 892 1121 934 >*quasi
1162 891 1308 925 allicere
1351 900 1408 924 me
1444 892 1607 925 videatur
1648 890 1693 924 ad
1735 895 1916 923 certamen
1958 898 2025 932 per
2070 890 2193 923 literas

271 956 604 1005 inconcinnaque
628 955 681 995 Te
698 956 877 996 intuendo
900 957 985 1005 plns
1008 957 1099 997 mibi
1119 958 1250 997 virium
1271 968 1416 997 sumere
1439 958 1562 996 videar
1587 968 1695 1005 quam
1721 958 1848 995 oculos
1870 968 1891 995 a
1913 956 1964 994 Te
1982 956 2191 994 avertendo.

203 1010 206 1013 ¹
270 1028 345 1063 lam
370 1036 454 1063 vero
479 1035 569 1072 quae.
586 1025 722 1061 Tecum
747 1026 1051 1063 communicanda
1073 1027 1190 1063 babeo
1215 1027 1344 1064 audias
1368 1028 1564 1063 benevole=
1604 1026 1831 1073 indulgentia
1859 1027 1956 1062 enim
1980 1026 2069 1061 mibi
2096 1034 2189 1070 opus

269 1103 325 1133 est
361 1106 405 1134 eo
442 1097 581 1142 magis,
627 1096 802 1141 quoniam
847 1096 926 1132 haec
962 1098 1101 1142 scripta
1138 1102 1224 1133 sunt
1260 1097 1418 1139 Ploenae,
1463 1097 1641 1141 oppidulo
1675 1096 1908 1131 Holsatoruni
1950 1100 1991 1131 ut
2029 1096 2190 1140 regionis

270 1164 477 1218 amoenitate
502 1163 806 1211 praestantissimo
831 1164 880 1200 ita
905 1169 1058 1211 propter
1079 1164 1258 1202 librorum
1284 1166 1445 1212 inopiam
1469 1165 1691 1202 tristissimo.

443 1233 509 1268 ·Et
531 1244 553 1269 a
578 1233 679 1277 Jove,
699 1238 739 1268 ut
763 1234 880 1278 ajunt,
898 1235 1139 1279 principium!
1173 1235 1318 1270 Initium
1346 1235 1453 1270 nobis
1480 1244 1501 1270 a
1530 1234 1647 1269 Jano!
1690 1232 1809 1277 Quem
1830 1232 1980 1278 quidem
2008 1233 2075 1278 Ep.
2096 1235 2123 1279 1,
2149 1235 2193 1269 54
2258 1246 2263 1250 ’

268 1304 393 1351 paullo
417 1303 663 1352 negligentius
696 1302 786 1339 mihi
809 1302 944 1341 videris
972 1307 1159 1341 tractasse.
1206 1303 1391 1349 Quoniam
1416 1306 1512 1341 enim
1540 1305 1578 1339 in
1615 1303 1911 1340 annotationibus
1941 1302 2037 1339 hunc
2070 1303 2191 1340 locum

270 1373 416 1410 silentio
448 1372 668 1419 praeteriisti,
701 1372 907 1419 germanice
935 1376 1055 1409 autem
1088 1373 1142 1409 sic
1164 1372 1380 1410 reddidisti:
1420 1374 1490 1408 dies
1515 1374 1646 1408 liedlein
1674 1372 1776 1407 lebret
1801 1373 1854 1407 die
1883 1371 1986 1407 Boreo
2010 1378 2111 1407 unten
2136 1385 2192 1407 am

268 1443 380 1478 mar-kt
400 1443 470 1477 and
489 1443 589 1487 oben,
627 1442 849 1487 acquievisse
874 1441 1008 1477 videris
1029 1442 1067 1478 in
1091 1441 1246 1488 Bentleii
1272 1444 1341 1479 hoc
1377 1443 1421 1479 de
1452 1443 1534 1478 loco
1562 1443 1753 1478 sententia.
1818 1442 1852 1477 ls
1879 1451 1962 1477 vero
1987 1442 2085 1488 quod
2111 1443 2188 1479 salli

269 1516 392 1549 censet
417 1521 480 1548 cos
505 1512 568 1557 qui
591 1511 705 1547 Janos
729 1515 801 1548 troe
825 1511 910 1547 hinc
933 1511 1005 1548 sibi
1025 1511 1176 1558 fingant,
1202 1521 1285 1548 cum
1310 1522 1405 1548 unus
1430 1511 1540 1548 suerit
1567 1512 1680 1554 vicus,
1703 1510 1786 1546 Jani
1808 1511 1954 1546 nomine
1979 1512 2189 1558 insignitus,

268 1582 347 1626 ipse
381 1589 604 1627 magnopere
641 1579 781 1615 fallitur
816 1580 871 1615 vir
910 1580 1094 1626 egregius.
1164 1578 1259 1624 Quae
1295 1581 1392 1620 enim
1431 1580 1534 1616 affert
1568 1579 1734 1625 exempla
1770 1578 1838 1614 Ov.
1879 1579 1937 1614 Jb.
1980 1579 2064 1615 181.
2100 1580 2188 1616 Hor.

270 1649 344 1688 Sat.
368 1649 411 1697 u,
436 1650 473 1698 3,
502 1647 590 1685 308.
635 1648 713 1685 Art.
743 1653 840 1696 poet.
865 1647 950 1686 25⁴.
982 1649 1116 1695 quibus
1139 1649 1361 1687 demonstret
1390 1650 1568 1686 vocabula
1591 1660 1735 1684 sumus
1758 1650 1799 1683 ab
1823 1650 1890 1683 imo
1917 1658 2070 1694 prorsus
2095 1650 2190 1686 idem

269 1729 349 1756 esse
377 1723 486 1764 atque
507 1719 613 1762 ‘totum
639 1720 826 1761 universus,
866 1728 911 1754 ex
932 1718 991 1753 his
1020 1719 1179 1763 primum
1205 1719 1433 1763 exemplum,
1459 1728 1533 1763 quo
1566 1718 1695 1764 Tityos
1724 1717 1857 1752 dicitur
1883 1729 2029 1752 summus
2058 1721 2098 1753 ab
2122 1722 2188 1752 imo

260 1788 430 1832 juqeribus
451 1798 566 1822 novem
594 1788 736 1831 distare,
772 1788 946 1833 quoniam
977 1787 1041 1824 illo
1064 1787 1147 1824 loco
1170 1796 1311 1824 summa
1335 1791 1370 1823 et
1396 1787 1469 1823 ima
1495 1786 1659 1832 ejusdem
1684 1787 1850 1831 corporis
1872 1791 1995 1832 partes
2021 1789 2070 1824 ita
2096 1789 2191 1823 inter

267 1866 307 1891 se
337 1859 595 1901 opponuntur,
634 1860 674 1891 ut
697 1857 738 1890 ab
763 1854 919 1901 pendeat
939 1864 984 1890 ex
1009 1855 1090 1890 solo
1112 1856 1222 1896 verbo
1246 1856 1415 1898 dictandi,
1450 1855 1521 1890 huc
1550 1855 1641 1890 nihil
1664 1855 1842 1900 pertinet:
1881 1855 2037 1892 alterum
2063 1861 2187 1892 autem

267 1925 488 1971 exemplum,
519 1925 619 1970 quod
645 1925 791 1962 exhibet
814 1927 856 1960 ab
879 1927 947 1960 imo
968 1918 1035 1962 ad
1062 1937 1241 1969 smmum,
1274 1927 1355 1971 ipsa
1378 1926 1445 1961 hac
1468 1925 1680 1961 difficultate
1705 1930 1801 1961 caret
1834 1935 1906 1970 qua
1931 1932 2054 1962 noster
2083 1928 2186 1962 locus

266 1992 427 2030 laborat:
456 1993 601 2029 tertium
622 1991 779 2039 denique
792 1994 926 2041 primas
949 1994 995 2029 ad
1018 1998 1201 2029 evervinum
1215 1994 1338 2029 similis
1362 1994 1428 2029 sibi
1451 1992 1498 2030 ad
1524 1993 1622 2030 bunc
1648 1998 1815 2030 nostrum
1839 2004 1982 2032 versum
2002 1996 2183 2043 explican-

267 2063 353 2099 dum
379 2063 591 2108 aptissimus
618 2073 706 2100 sane
733 2068 798 2107 est,
825 2063 889 2099 sed
916 2064 996 2108 ipso
1012 2064 1076 2099 illo
1101 2064 1183 2099 loco
1208 2063 1379 2099 Horatius
1402 2073 1477 2099 non
1502 2063 1547 2099 de
1575 2073 1648 2099 uno
1669 2073 1788 2107 versu,
1813 2063 1878 2099 sed
1902 2064 1948 2100 dc
1969 2075 2033 2100 sex
2058 2075 2181 2100 versus

265 2131 411 2169 iambici
435 2130 591 2178 pedibus
616 2132 799 2179 loquitur,
834 2136 874 2169 ut
908 2132 1089 2178 conjicere
1113 2132 1219 2170 liceat
1253 2133 1360 2169 etiam
1393 2133 1581 2170 simillimo
1609 2138 1734 2170 nostro
1759 2133 1840 2170 loco
1865 2133 1910 2170 de
1935 2133 2182 2179 compluribus

265 2201 367 2236 Janis
392 2209 598 2236 sermonem
634 2211 727 2237 esse.
795 2201 884 2237 Nam
911 2202 943 2237 si
968 2211 1037 2247 pro
1060 2203 1211 2235 munibus
1237 2201 1308 2237 dici
1334 2206 1455 2247 potest
1471 2204 1604 2247 primus
1628 2202 1673 2236 ad
1697 2206 1897 2245 attremant,
1938 2211 2009 2237 non
2046 2206 2183 2238 tantum

265 2270 385 2307 differt
409 2269 546 2306 locutio
571 2282 717 2306 mmmm
742 2272 783 2306 ab
806 2273 894 2315 ima,
921 2275 962 2306 ut
982 2268 1096 2307 aliurn
1127 2272 1159 2306 ei
1189 2272 1327 2306 tribuas
1357 2282 1520 2310 sensum.
1587 2270 1697 2315 Quod
1734 2277 1852 2307 autem
1876 2271 2060 2315 Benuejus
2087 2272 2184 2306 hunc

264 2347 372 2385 quein
399 2338 476 2387 ⁸sibi
513 2338 618 2387 fingit
654 2348 777 2376 uuum
806 2339 949 2376 Jauum-
975 2340 1101 2377 statuit
1137 2349 1218 2376 esse
1254 2340 1393 2388 vicum,
1429 2349 1502 2386 quo
1542 2340 1663 2377 animo
1705 2338 1893 2376 ferendum
1928 2349 2008 2376 csse
2044 2343 2183 2387 putas?

266 2406 397 2450 Quid?
453 2407 565 2443 vicus
601 2409 649 2443 si*
672 2408 856 2444 diceretur
891 2408 1093 2453 producere
1121 2408 1234 2441 Virtus
1260 2414 1342 2452 poet
1376 2412 1570 2451 nummum,
1612 2417 1733 2443 noune
1769 2408 1832 2450 qui
1867 2416 1949 2441 eum
1988 2409 2183 2453 implerent

263 2474 430 2511 homiues
460 2476 486 2511 i.
519 2486 552 2512 e.
587 2481 807 2513 mercatores
837 2481 945 2523 atque
981 2475 1227 2523 feneratores,
1261 2475 1472 2513 dicerentur
1506 2474 1701 2513 doctores?
1750 2476 1795 2510 At
1836 2475 1889 2511 illi
1927 2486 1959 2512 v,
1993 2477 2041 2514 55
2072 2479 2181 2515 iidem

263 2543 436 2581 dicuntur
469 2548 640 2591 tauquam
673 2544 844 2591 discipuli
878 2545 1042 2582 recinere
1075 2544 1223 2582 dictata.
1273 2543 1374 2590 Quid
1403 2543 1548 2593 igitur-'Z
1584 2544 1740 2580 iidcmne
1772 2543 1944 2581 dicuntur
1976 2546 2182 2592 prodocere

223 2647 227 2651 .
264 2619 299 2651 et
323 2614 485 2650 recinet-e
511 2613 674 2651 dictata'!
726 2614 874 2651 Minime
898 2624 997 2652 vero.
1048 2615 1244 2651 sanus-est
1268 2615 1347 2659 ipse
1369 2614 1474 2656 deus,
1501 2615 1606 2658 cujus
1637 2614 1818 2659 imagines
1844 2614 1880 2649 in
1903 2617 2182 2654 transitionibus

263 2682 398 2729 perviis
424 2681 610 2719 collocatae
637 2683 675 2719 in
702 2682 773 2719 fori
795 2667 987 2730 strepitum
1007 2689 1116 2730 atque
1140 2687 1383 2719 mercatorum
1408 2682 1554 2718 fraudes
1589 2681 1777 2728 despicere
1802 2683 2043 2722 videbantur:
2069 2697 2182 2733 quare

262 2753 385 2797 iocose
408 2751 495 2788 dicit
519 2751 692 2790 Horatius
717 2751 830 2789 Janos
856 2762 936 2791 esse
960 2752 1067 2798 quasi
1093 2750 1389 2799 ludimagistros,
1411 2761 1536 2788 eorum
1564 2751 1767 2798 discipulos
1793 2759 2028 2791 mercatores.
2083 2755 2184 2801 Quot

1954 2817 1972 2843 2
