2585 3173
1180 135 1243 178 19

1087 189 1328 221 mmm

256 321 421 357 hortatur
444 324 481 354 ut
507 320 636 354 intacta
663 323 769 364 atque
792 319 934 366 integra
964 319 1091 355 reddat
1115 321 1296 356 volumina
1323 319 1508 366 Augusto,
1541 327 1622 352 nam
1646 318 1828 361 corrumpi
1847 317 1992 362 quidem
2020 323 2054 353 et
2079 317 2162 353 laedi

257 396 423 436 poterant
451 391 558 425 etiam
587 389 751 435 signata:
776 388 839 424 sed
860 390 1031 434 quoniam
1065 388 1268 436 Augustum
1294 395 1400 434 poeta
1425 390 1492 425 scit
1514 388 1608 423 hanc
1634 386 1841 422 schedulam
1866 388 2043 423 lecturum
2068 399 2174 430 esse,-

258 459 342 496 huic
373 468 445 495 non
473 458 625 503 signatae
651 457 805 503 opponit
828 458 971 505 signata
995 458 1194 502 volumina,
1230 459 1366 495 scilicet
1388 463 1426 494 ut
1458 456 1660 504 paullisper
1684 453 1868 501 Augustus
1898 457 2013 504 magis
2041 455 2164 492 credat

260 539 281 566 a
304 529 436 565 nuncio
463 537 622 563 errorem
648 536 727 563 esse
753 528 998 564 commissum.

451 596 521 633 Sed
541 597 670 631 iterum
689 597 726 632 in
752 602 823 632 tam
848 597 1018 632 sublimia
1038 598 1142 642 quasi
1165 598 1454 643 conjecturarum
1479 597 1623 642 fastigia
1638 593 1890 630 adscendimus
1911 600 1947 629 ut
1966 595 2162 630 verendum

262 669 308 706 sit
336 678 381 705 ne
412 669 448 703 in
476 676 618 702 cassum
640 666 825 711 disputare
851 666 1052 703 videamur:
1079 670 1330 713 perveniamus
1357 678 1483 704 rursus
1509 667 1594 702 illuc
1623 665 1683 701 ubi
1708 665 1903 699 consistere
1926 669 2033 710 atque
2056 666 2163 702 certis

264 736 484 785 argumentis
503 745 666 782 pugnare
693 736 889 780 possimus.
925 735 1014 771 Nam
1031 738 1135 772 etiam
1151 738 1187 773 in
1209 748 1248 773 ea
1272 747 1352 782 quae
1377 739 1540 782 sequitur
1565 734 1730 780 epistola,
1748 732 1836 775 XIV,
1860 733 1973 768 habeo
1996 734 2161 779 quaedam

264 816 344 853 quae
379 805 461 841 Tibi
492 814 548 840 me
585 804 821 849 probaturum
853 814 933 841 esse
954 814 1107 850 sperem.
1167 806 1209 843 Et
1235 807 1393 851 primum
1422 805 1566 851 quidem
1599 802 1698 849 quod
1731 812 1761 837 v.
1796 803 1842 837 10
1875 802 2163 847 interpunctione

263 885 410 921 separas
429 884 450 909 a
471 883 502 908 v·
525 876 567 909 11
588 878 622 908 et
640 874 684 908 ab
707 874 776 908 hoc
800 884 831 908 v.
862 876 904 909 11
930 883 1060 910 novum
1091 877 1350 911 sententiarum
1380 875 1544 910 ordinem
1571 873 1719 914 ordiris,
1747 880 1819 906 non
1849 870 1951 905 video
1983 872 2165 915 quomodo

264 955 296 980 v,
322 946 368 980 12
391 943 564 978 vocabula
589 943 711 976 stultus
732 948 881 988 uterque,
908 952 988 987 quae
1016 953 1089 979 non
1116 945 1160 979 ad
1189 945 1374 980 Horatium
1401 950 1435 979 et
1460 944 1617 978 villicum
1643 941 1824 985 pertinere
1849 940 1955 982 velis,
1981 940 2164 985 expedias.

264 1013 333 1049 Vix
358 1013 453 1048 enim
480 1011 650 1047 credibile
675 1011 813 1047 videtur
836 1011 933 1057 quod
960 1013 1047 1048 solis
1073 1014 1188 1048 verbis
1220 1014 1272 1046 cm·
1290 1015 1398 1058 placet
1423 1014 1560 1047 alterius
1581 1023 1641 1045 sua
1672 1010 1831 1042 nimirum
1857 1014 1903 1042 est
1927 1010 2001 1043 odio
2031 1021 2103 1043 sors
2133 1014 2168 1044 et

267 1083 311 1118 iis
338 1080 482 1126 quidem
508 1090 529 1115 a
556 1091 588 1115 v.
619 1082 663 1116 10
690 1081 867 1125 separatis
893 1081 1090 1127 significari
1124 1092 1249 1117 censes
1276 1081 1366 1117 duos
1404 1082 1464 1126 qui
1501 1082 1594 1116 inter
1627 1091 1664 1116 se
1696 1076 1900 1113 invideant:
1943 1084 2020 1119 aut,
2060 1079 2090 1113 si
2124 1077 2166 1113 de

267 1160 339 1186 uno
362 1140 507 1186 homine
533 1149 653 1184 invido
678 1151 871 1197 cogitasset
896 1154 1020 1195 poeta,
1052 1150 1283 1186 scribendum
1309 1152 1340 1186 ei
1365 1150 1475 1186 fuisse
1502 1153 1555 1184 cui
1572 1151 1683 1196 placet
1710 1138 1889 1188 aliena,
1927 1159 1988 1180 sua
2017 1153 2061 1180 est
2094 1148 2167 1180 odio

267 1232 348 1255 sors.
400 1219 533 1266 Ingens
560 1208 625 1255 iste
650 1224 703 1255 est
734 1229 859 1257 error:
896 1230 941 1255 an
969 1220 1072 1264 vero',
1100 1220 1196 1266 quod
1228 1218 1303 1255 Cic.
1330 1220 1374 1255 de
1403 1220 1461 1256 off.
1489 1220 1522 1263 1,
1549 1219 1571 1254 ‘2
1600 1219 1708 1254 habet
1732 1219 1825 1252 nulla
1848 1218 1924 1251 citae
1944 1228 2046 1261 pars,
2073 1228 2170 1261 neque

265 1292 296 1325 εἰ
318 1295 421 1325 tecum
445 1300 525 1334 aqas
549 1291 627 1335 quid
651 1301 748 1334 neque
773 1291 803 1324 si
828 1300 900 1324 cum
925 1290 1028 1324 altero
1055 1290 1240 1333 contrahas,
1267 1291 1376 1336 officio
1402 1301 1518 1325 vacare
1537 1294 1665 1335 potest,
1696 1298 1777 1324 eum
1808 1287 1904 1323 dices
1931 1287 2049 1322 minus
2075 1289 2169 1321 recte

266 1372 338 1395 cum
362 1360 466 1394 altero
492 1368 558 1404 pro
589 1359 656 1393 alio
688 1359 911 1405 scripsisse?
962 1357 1061 1404 Quid
1074 1356 1091 1393 ’ἶ
1130 1359 1225 1404 quod
1261 1360 1451 1405 Zumptius
1484 1369 1635 1407 gramm.
1670 1361 1694 1402 ᾖ
1732 1357 1792 1393 141
1831 1357 1924 1392 hunc
1957 1365 2061 1391 usum
2096 1364 2169 1390 non

268 1429 385 1465 solum
412 1428 587 1474 exemplis
615 1429 768 1464 firmavit
791 1428 854 1464 sed
883 1429 988 1464 etiam
1015 1430 1189 1465 rationem
1220 1430 1307 1464 satis
1344 1430 1526 1475 explicuit.
1587 1428 1708 1473 ltaque
1735 1427 1811 1462 fieri
1838 1435 1910 1461 non
1937 1430 2057 1469 potest
2083 1425 2170 1469 quin

267 1510 300 1535 v.
343 1499 386 1534 12
424 1498 469 1533 ad
504 1499 623 1542 ipsum
658 1498 844 1533 Horatium
881 1504 915 1534 et
949 1499 1105 1535 villicum
1144 1500 1324 1543 pertinere
1365 1498 1577 1534 credamus:
1618 1503 1652 1533 et
1696 1507 1733 1532 se
1771 1498 1890 1540 ipsum
1930 1500 1963 1530 et
2001 1495 2172 1537 villicum,

268 1568 440 1615 quoniam
473 1571 623 1614 uterque
655 1566 774 1604 locum
795 1568 1023 1605 'immeritum
1055 1572 1241 1612 causetur,
1280 1567 1409 1605 stultos
1444 1566 1615 1613 appellat.
1663 1564 1706 1602 Et
1738 1575 1848 1612 quum
1880 1575 1912 1601 v.
1947 1564 1968 1601 4
2003 1563 2172 1600 Horatius

268 1639 393 1683 spinas
424 1647 468 1672 se.
493 1638 613 1672 animo
645 1638 794 1672 evellere
828 1637 940 1681 dicat,
979 1638 1065 1682 quid
1095 1639 1224 1672 mirum
1258 1637 1355 1682 quod
1379 1639 1425 1672 'se
1451 1639 1570 1681 ipsum
1594 1645 1761 1680 quoque,
1803 1635 1864 1678 qui
1892 1644 1974 1668 rure
2000 1634 2173 1667 viventem

269 1707 441 1753 praedicet
469 1707 630 1749 beatum,
668 1706 792 1742 festive
826 1705 956 1742 fatetur
987 1707 1052 1743 hac
1084 1708 1231 1743 stultitia
1257 1707 1422 1742 laborare
1450 1705 1548 1751 quod
1575 1705 1755 1740 interdum
1783 1703 2002 1739 infelicitatis
2030 1702 2172 1747 culpam

269 1778 305 1811 in
332 1777 427 1819 loco,
453 1786 526 1811 non
551 1778 588 1810 in
615 1777 736 1811 animo
759 1781 883 1820 ponat.
924 1776 987 1811 Hic
1008 1776 1063 1811 Tu
1087 1777 1176 1811 dicis
1203 1777 1234 1811 si
1255 1776 1424 1811 Horatius
1451 1786 1488 1810 se
1512 1777 1631 1820 ipsum
1656 1779 1689 1809 et
1714 1774 1871 1808 villicum
1898 1773 2026 1807 stultos
2055 1771 2171 1805 dicere

271 1844 455 1886 voluisset,
482 1855 562 1880 eum
590 1846 810 1889 scripturum
834 1845 974 1882 fuisse:
1000 1847 1118 1880 stultus
1135 1852 1274 1890 'uterque
1298 1855 1485 1886 causamur,
1509 1854 1583 1879 non
1608 1848 1772 1878 causatur.
1821 1840 1865 1876 At
1885 1841 1950 1885 Ep.
1982 1840 2024 1886 ll,
2052 1839 2088 1883 ⁶2,
2112 1840 2170 1881 96,

271 1914 333 1949 ubi
354 1920 460 1959 poeta
485 1914 529 1950 de
555 1924 593 1950 se
616 1919 650 1949 et
675 1915 805 1950 aemulo
828 1915 951 1960 aliquo
978 1915 1157 1960 loquitur,
1184 1914 1310 1950 eodem
1334 1913 1440 1949 modo
1466 1913 1552 1949 dicit

657 1984 778 2018 *Mox
809 1985 934 2027 etiam,
965 1985 996 2019 si
1020 1984 1113 2020 forte
1139 1995 1263 2027 vacas,
1296 1993 1445 2028 sequere
1472 1989 1506 2019 et
1531 1983 1659 2028 procul
1687 1982 1784 2027 audi,

700 2050 799 2098 Quid
828 2051 920 2089 ferat
946 2057 980 2089 et
1005 2063 1118 2099 quare
1144 2054 1213 2090 sibi
1239 2057 1357 2089 nectat
1382 2057 1532 2098 uterque
1560 2061 1745 2088 coronam.

464 2123 538 2158 Iam
576 2133 658 2158 vero
695 2133 806 2169 quum
844 2124 951 2158 ceteri
983 2133 1109 2159 omnes
1143 2125 1354 2168 interpretes
1387 2133 1418 2157 v.
1454 2124 1500 2158 13
1532 2123 1627 2157 hunc
1663 2130 1809 2156 sensum
1838 2119 1985 2154 subesse
2028 2117 2171 2151 dicant:

273 2194 401 2237 culpam
423 2205 490 2228 non
514 2195 552 2227 in
574 2196 661 2237 loco,
692 2195 748 2228 sed
771 2195 809 2228 in
830 2195 939 2228 animo
967 2205 1032 2228 esse
1056 2195 1174 2239 quippe
1198 2195 1255 2239 qui
1279 2206 1311 2227 se
1336 2205 1501 2238 nunquam
1527 2193 1675 2238 effuyiat,
1710 2201 1790 2235 quae
1820 2189 1962 2234 quidem
1996 2187 2172 2222 sententia

272 2266 341 2297 tam
368 2271 465 2307 saepe
490 2262 586 2307 apud
614 2262 798 2298 Horatium
824 2262 979 2298 occurrit
1011 2267 1049 2297 ut
1083 2262 1257 2308 exemplis
1284 2262 1476 2297 afferendis
1512 2260 1747 2306 supersedere
1773 2258 1973 2303 possimus,
2012 2255 2066 2290 Tu
2094 2265 2171 2290 eam

271 2333 604 2377 interpretationem
632 2333 759 2369 falsam
786 2343 864 2368 esse
891 2332 1078 2368 contendis
1105 2332 1201 2377 quod
1229 2333 1291 2377 qui
1314 2333 1409 2369 dicat
1433 2333 1562 2377 culpam
1588 2343 1653 2365 esse
1682 2332 1717 2363 in
1749 2330 1858 2373 aliquo
1888 2336 2038 2371 prorsus
2072 2325 2172 2360 aliud

271 2400 354 2435 velit
378 2405 484 2446 atque
510 2403 572 2447 qui
599 2402 695 2437 dicat
716 2403 752 2436 in
778 2403 874 2448 culpa
898 2413 963 2435 esse
989 2402 1128 2447 aliquem
1141 2412 1155 2435 .·
1193 2411 1275 2436 nam
1308 2401 1375 2436 hoc
1402 2411 1484 2436 esse
1509 2400 1776 2445 vituperationem
1800 2407 1938 2438 merere,
1978 2393 2067 2428 illud
2097 2396 2177 2427 certi

271 2470 411 2515 alicujus
444 2471 559 2506 damni
588 2484 721 2506 causam
752 2483 826 2506 esse.
892 2469 1014 2516 Quare
1046 2469 1102 2507 Tu
1134 2469 1280 2515 quidem
1308 2480 1339 2505 v.
1373 2469 1416 2506 13
1450 2470 1498 2505 ita
1531 2474 1568 2504 ut
1595 2469 1631 2503 in
1666 2477 1735 2502 uno
1767 2475 1870 2501 versu
1904 2465 1967 2500 uui
2001 2463 2176 2499 vocabulo

271 2541 378 2574 animi
398 2540 579 2585 duplicem
606 2552 752 2577 sensum
777 2542 924 2577 subesse
950 2541 1035 2576 velis
1062 2541 1113 2577 sic
1138 2541 1406 2585 interpretaris:
1430 2538 1662 2584 vituperandus
1689 2542 1736 2570 est
1762 2537 1790 2569 is
1813 2537 1942 2569 animus
1967 2535 2022 2579 qut
2050 2546 2082 2568 se
2108 2535 2130 2567 i.
2151 2547 2176 2568 e.

273 2609 467 2655 cupiditates
497 2622 663 2657 nunquam
693 2611 812 2657 effuqit.
879 2609 971 2657 Quae
1006 2608 1151 2656 quidem
1189 2609 1438 2655 interpretatio
1469 2594 1540 2644 tam
1573 2615 1663 2642 nova
1697 2609 1804 2651 atque
1837 2603 2000 2639 inaudita
2035 2608 2105 2646 est,
2142 2607 2180 2637 ut

274 2689 352 2715 eam
387 2679 493 2715 facile
524 2681 575 2716 Te
601 2682 798 2716 missurum
825 2692 905 2717 esse
929 2680 1071 2716 credam
1098 2681 1127 2714 si
1161 2679 1243 2714 Tibi
1268 2680 1492 2723 persuaseris
1518 2679 1554 2710 in
1585 2678 1680 2721 culpa
1709 2687 1775 2709 esse
1805 2677 1953 2708 animum
1981 2675 2056 2709 sere
2084 2674 2178 2708 idem

272 2748 479 2796 significare
515 2754 622 2797 atque
663 2751 792 2797 culpam
828 2752 865 2786 iu
899 2751 1008 2785 animo
1047 2758 1122 2784 esse.
1181 2747 1397 2793 Plerumque
1429 2745 1574 2793 quidem
1607 2744 1807 2781 differentia
1838 2744 1907 2780 ista
1943 2743 2040 2789 apud
2066 2743 2181 2778 bonos
