2585 3173
503 964 777 1033 Ludovico
818 966 1146 1035 Doederlino
1191 966 1469 1037 Henrious
1510 966 1668 1036 Keck
1711 970 1768 1037 S.
1811 969 1874 1036 P.
1915 970 1982 1037 D.

287 1164 386 1232 Uno
416 1197 549 1235 abhinc
579 1198 677 1235 anno
710 1202 745 1234 et
774 1208 839 1235 sex
873 1197 1060 1235 mensibus
1094 1208 1207 1245 quum
1248 1197 1496 1247 Hamburgum
1536 1201 1789 1236 convenissent
1829 1200 1995 1235 homines
2032 1200 2210 1246 philologi

288 1270 396 1311 atque
420 1251 658 1314 grammatici,
683 1267 913 1302 vehementer
936 1266 1127 1311 cupiebam
1153 1267 1198 1303 de
1222 1267 1309 1304 Hor.
1337 1267 1412 1305 Sat.
1437 1269 1471 1314 Ι,
1496 1269 1537 1312 4,
1565 1268 1729 1312 81-85,
1764 1278 1871 1313 quem
1897 1269 2018 1303 locum
2044 1268 2122 1311 Tu,
2148 1268 2211 1302 Vir

289 1334 513 1380 clarissime,
549 1334 766 1384 Altenburgi
799 1346 882 1372 cum
913 1335 1076 1372 omnium
1114 1335 1189 1374 fere
1229 1337 1417 1373 hominum
1454 1336 1678 1373 eruditorum
1713 1347 1895 1373 consensu
1937 1338 2077 1383 primus
2116 1342 2209 1372 recte

287 1404 558 1450 interpunxisse
590 1409 699 1451 atque
731 1406 988 1451 interpretatus
1018 1415 1100 1442 esse
1130 1393 1324 1453 dicereris,
1363 1416 1479 1443 meam
1516 1406 1652 1443 Tecum
1685 1408 1901 1443 sementiam
1927 1408 2207 1442 communicare.

286 1471 451 1518 Namque
474 1473 566 1510 adeo
591 1474 681 1510 mibi
702 1485 723 1511 a
755 1474 834 1510 Tua
867 1474 1163 1519 interpretatione
1190 1475 1479 1511 dissentiendum
1504 1474 1711 1519 videbatur,
1747 1480 1802 1519 ut,
1839 1476 1971 1520 quibus
2003 1475 2120 1510 verbis
2152 1474 2208 1509 Tu

287 1540 478 1578 Horatium
509 1552 591 1579 cum
615 1541 868 1590 indignatione
900 1552 922 1579 a
952 1543 1164 1580 criminibus
1199 1543 1389 1589 probrosis
1421 1554 1460 1581 se
1492 1542 1687 1581 defendere
1720 1554 1911 1588 censeres,
1949 1554 1990 1580 ea
2017 1544 2102 1589 ipsa
2135 1552 2208 1578 non

224 1625 232 1627 ⁷⁷
287 1610 409 1647 minus
434 1620 545 1657 quam
569 1622 602 1647 v.
637 1611 802 1649 34—38
831 1621 899 1660 ego
930 1611 1172 1648 existimarem
1204 1612 1356 1649 crimina
1389 1612 1522 1659 quibus
1554 1611 1724 1649 Horatius
1756 1623 1796 1649 se
1826 1613 1871 1649 ab
1905 1611 2208 1648 obtrectatoribus

286 1680 360 1723 peti
393 1679 537 1715 faceret.
607 1679 678 1716 Sed
710 1690 821 1725 quum
855 1680 931 1725 Tu,
966 1679 1033 1715 Vir
1065 1680 1283 1727 clarissime,
1320 1681 1385 1715 illo
1420 1686 1582 1726 tempore
1617 1692 1637 1716 a
1679 1683 1908 1716 nobilissimo
1947 1691 2093 1725 quoque
2132 1681 2208 1713 viro

286 1747 442 1784 maxime
466 1748 704 1794 appellareris
735 1753 775 1785 ut
799 1757 925 1785 eorum
952 1747 1144 1794 colloquiis
1168 1758 1236 1794 per
1260 1752 1354 1801 totos
1380 1748 1458 1785 dies
1484 1754 1682 1795 occupatus
1709 1759 1829 1795 esses,
1865 1758 1956 1796 ego,
1985 1750 2120 1794 quippe
2146 1749 2209 1794 qui

287 1806 434 1852 nomine
468 1817 626 1853 obscuro
658 1827 776 1853 essem
808 1826 926 1862 neque
959 1816 1089 1853 frontis
1121 1817 1267 1852 urbanae
1304 1817 1413 1852 laude
1449 1818 1681 1860 excellerem,
1722 1819 1835 1853 satius
1873 1818 1962 1853 duxi
2000 1818 2208 1861 pepercisse

285 1883 385 1921 lasso
430 1884 511 1921 Tuo
544 1886 666 1923 animo
711 1891 821 1932 atque
850 1895 968 1923 meam
1003 1884 1047 1923 de
1079 1885 1143 1922 illo
1173 1885 1254 1923 loco
1288 1885 1557 1923 dissensionem
1597 1886 1811 1924 reticuisse:
1850 1892 1977 1932 postea
2014 1890 2131 1922 autem
2169 1886 2207 1920 in

285 1953 434 2000 publico
456 1963 574 1991 meam
600 1954 645 1992 de
669 1954 743 1991 illis
768 1955 933 1991 versibus
958 1954 1249 2001 qualemcunque
1273 1954 1485 2000 opinionem
1514 1956 1668 2002 exposui
1701 1954 1915 2000 (Zeitschrist
1937 1956 1963 2000 s.
1993 1953 2206 2000 Gymnasial-

284 2034 391 2057 wesen
420 2023 757 2068 November-1856).
821 2022 991 2061 Ceterum
1014 2026 1195 2070 ⁴qnoniam
1227 2034 1295 2069 per
1330 2024 1415 2059 illos
1444 2023 1522 2060 dies
1561 2024 1697 2060 Tecum
1734 2035 1938 2060 sermonem
1972 2025 2136 2068 occipere
2168 2024 2205 2058 in

285 2075 407 2129 animo
432 2092 633 2137 habebam,
673 2093 886 2143 plerumque
911 2093 1141 2130 adbaerebam
1167 2092 1251 2130 Tibi
1275 2102 1422 2131 comes:
1459 2094 1582 2140 itaque
1615 2095 1690 2130 sive
1721 2094 1757 2129 in
1792 2093 1957 2129 conciliis
1983 2092 2205 2128 eruditorum

285 2160 474 2197 hominum
499 2161 686 2200 difficilem
710 2162 868 2208 aliquem
892 2162 1015 2199 locum
1040 2162 1358 2209 interpretabaris,
1396 2163 1472 2198 sive
1506 2163 1644 2199 crebris
1676 2172 1758 2198 cum
1792 2162 1917 2198 amicis
1951 2161 2038 2196 Tuis
2069 2169 2207 2196 sermo·

286 2229 394 2266 nibus
424 2230 513 2275 joca
548 2232 645 2267 seria
679 2231 836 2278 agebas,
881 2232 955 2267 sive
991 2232 1087 2267 inter
1121 2231 1249 2277 epulas
1285 2231 1440 2268 curabas
1479 2232 1648 2279 genium,
1691 2232 1891 2276 saepissime
1928 2230 2016 2265 mihi
2054 2229 2209 2275 contigit

286 2297 504 2335 auscultanti
537 2304 577 2335 ut
605 2308 680 2335 non
714 2300 836 2341 minus
861 2298 1047 2345 jucundas
1084 2299 1182 2336 Tuas
1216 2299 1364 2336 facetias
1391 2310 1500 2345 quam
1524 2310 1677 2336 acumen
1703 2300 1861 2346 ingenii,
1896 2308 1997 2343 aeque
2023 2297 2141 2332 Tuam
2168 2298 2206 2332 in

285 2366 500 2403 disserendo
525 2367 733 2405 facilitatem
759 2373 868 2414 atque
891 2367 1106 2405 eruditionis
1132 2370 1275 2414 copiam
1299 2368 1511 2405 admirarer.
1561 2369 1717 2404 Maxime
1741 2378 1824 2403 vero
1849 2372 1936 2410 tum,
1962 2376 2075 2412 quum
2101 2376 2206 2411 aquae

285 2436 482 2481 vaporibus
524 2436 562 2472 in
594 2425 712 2472 aheno
742 2435 994 2473 laborantibus
1023 2435 1125 2473 Albis
1161 2446 1227 2474 nos
1265 2438 1302 2473 in
1339 2436 1526 2474 Oceanum
1565 2436 1772 2479 devexerat,
1809 2440 2001 2480 postquam
2041 2435 2205 2480 riparum

284 2505 567 2550 pulcritudinem
605 2510 640 2542 et
674 2515 775 2542 mare
813 2510 979 2551 apertum
1015 2507 1104 2543 satis
1141 2508 1292 2543 miratos
1325 2507 1468 2552 Jupiter
1515 2506 1658 2551 pluvius
1692 2504 1860 2540 doctores
1902 2504 2125 2541 umbraticos
2169 2505 2207 2538 in

286 2583 466 2610 cameram
492 2575 592 2610 navis
621 2575 751 2621 coegit,
776 2575 916 2622 ingenti
942 2580 1087 2611 nostros
1113 2576 1255 2611 animos
1280 2575 1403 2611 laetitia
1426 2573 1665 2620 perfundebat
1688 2572 1935 2617 pulcherrima
1964 2572 2044 2608 Tua
2069 2573 2210 2617 aliquot

286 2641 522 2687 epistolarum
548 2642 828 2680 Horatianarum
852 2644 1042 2680 conversio
1068 2653 1176 2689 quam
1200 2644 1453 2681 liberalissime
1479 2642 1583 2678 nobis
1611 2641 1800 2688 recitabas‚
1827 2646 1865 2677 ut
1891 2651 1965 2677 uno
1991 2652 2055 2678 ore
2080 2652 2208 2678 omnes

288 2710 535 2746 consentirent
572 2710 617 2747 ad
655 2712 947 2757 interpretandos
988 2711 1125 2747 Horatii
1163 2712 1278 2747 libros
1320 2712 1498 2746 neminem
1537 2719 1654 2755 neque
1698 2710 1742 2745 ab
1787 2709 1993 2746 eruditione
2034 2721 2149 2756 neque
2188 2722 2207 2746 a

261 2779 266 2784 '
284 2777 425 2823 judicio
456 2788 573 2824 neque
598 2790 619 2816 a
644 2781 824 2817 sermonis
850 2780 1029 2827 elegantia
1056 2778 1108 2816 Te
1136 2789 1216 2816 esse
1241 2779 1542 2825 praestantiorem.
1603 2776 1690 2823 Quo
1723 2779 1838 2825 igitur
1868 2778 2051 2817 desiderio
2081 2790 2207 2816 censes
