2585 3173
1227 180 1289 223 26

1140 234 1381 266 :tame-:m

316 364 404 396 dieat
441 372 507 407 per
541 371 694 407 zeugma
728 360 910 406 quoddam
950 370 993 396 ex
1024 361 1068 397 iis
1106 372 1186 407 quae
1221 368 1423 409 sequuntur
1456 360 1657 398 addendam
1697 365 1803 406 putas
1837 362 2014 407 apodosin
2043 363 2224 410 Auqiutum

316 444 493 476 aynoacas,
532 430 733 466 inauditum
763 431 860 467 istud
898 440 1050 477 zeugma
1080 431 1249 478 idemque
1288 442 1593 479 supervacaneum
1625 430 1778 467 videtur.
1844 431 1957 468 Multo
1993 434 2157 478 pulcrior
2191 439 2226 470 et

317 502 518 546 simplicior
548 501 624 535 haec
660 499 769 535 fuerit
798 501 1070 545 interpretatio:
1110 501 1152 535 Si
1183 504 1255 546 quis
1288 507 1405 546 poema
1434 503 1558 546 epicum
1590 502 1651 536 tibi
1681 511 1784 535 vacuo
1813 513 1835 535 a
1863 504 2001 546 negotiis
2031 503 2139 537 dicem
2172 505 2226 538 Ιιίε

314 572 420 606 verbis
446 580 541 603 aures
561 569 759 613 permulceat
780 574 836 603 etc.
880 567 956 605 Aen
985 569 1124 605 videtur
1142 580 1216 606 rem
1240 571 1401 617 tetigisse
1418 570 1621 606 Froliehius
1644 575 1767 606 noster
1787 571 1850 616 qui
1873 570 1993 606 locum
2019 572 2225 618 germanice

317 643 368 677 sic
404 639 542 676 reddit:
589 638 691 674 Wenn
715 640 850 684 jemand
884 640 938 674 dir
963 641 1016 674 ein
1046 650 1121 683 epos
1150 642 1297 675 recitirte
1336 640 1408 674 Von
1430 641 1548 686 kampf
1567 641 1636 675 und
1657 642 1723 685 εὼς]
1746 651 1789 675 zu
1811 651 1936 675 wasser
1958 642 2029 675 und
2050 652 2094 675 zu
2117 643 2225 686 lande,

321 711 407 744 Det'n
434 709 607 743 lauschend
637 710 696 743 ohr
721 711 783 744 mit
806 710 941 744 salchem
972 715 1058 743 wort
1087 711 1251 744 entze'lclcte
1275 715 1331 745 etc.
1401 709 1475 744 Iam
1514 714 1597 747 vero
1633 710 1678 747 ad
1713 720 1753 746 ea
1791 709 2011 755 respondere
2049 711 2224 747 velimus:

318 791 490 824 aqnoseere
512 768 676 812 debeas
703 780 815 813 laudes
839 777 1000 824 Amasti,
1040 789 1113 814 non
1146 791 1315 824 aqnoecere
1339 772 1515 826 poasis:
1548 781 1707 826 postulat
1740 781 1833 816 enim
1866 784 1972 825 poeta
2006 789 2050 815 ne
2076 781 2157 825 quis
2181 781 2226 817 de

318 850 475 898 Augusti
502 851 671 887 laudibus
698 851 832 895 quippe
858 859 938 894 quae
971 850 1110 885 eximiae
1146 850 1220 885 sint
1254 855 1359 895 atque
1388 835 1545 900 egregiae
1576 850 1783 897 eaedemque
1805 850 2041 886 meritissimae
2068 850 2226 887 incertus

319 921 376 955 sit.
429 919 473 954 At
498 920 597 965 quod
622 920 787 954 volumus
815 918 984 953 exhibent
1008 919 1112 961 libri,
1148 919 1255 954 modo
1284 921 1415 957 rectius
1442 922 1722 965 interpretemur
1750 920 1880 955 verba:
1916 929 2086 964 aquoscero
2105 921 2224 963 poesis.

324 990 422 1035 Quid
463 991 592 1026 enim?
645 989 783 1025 Horatii
828 998 949 1024 nonne
994 989 1062 1024 hoc
1100 994 1154 1025 est
1192 991 1381 1034 proprium
1421 997 1459 1027 ut
1490 992 1692 1035 saepissime
1735 1000 1816 1026 cum
1851 990 1987 1025 urbana
2026 988 2088 1025 illa
2120 995 2228 1035 atque

321 1059 450 1096 festiva
487 1061 731 1096 attenuatione
768 1058 980 1101 verborum,
1021 1068 1101 1103 quae
1140 1069 1257 1106 graece
1298 1059 1450 1108 λιτότης
1487 1060 1710 1106 appellatur‚
1756 1060 1875 1095 minus
1910 1058 2072 1094 videatur
2107 1058 2229 1095 dicere

322 1139 429 1174 quam
463 1126 587 1164 dicat?
639 1128 682 1163 Et
715 1131 839 1162 nostro
866 1136 1012 1172 quoque
1044 1127 1124 1163 loco
1150 1139 1321 1172 aqmscere
1344 1131 1452 1174 possis
1478 1130 1572 1165 idem
1599 1132 1652 1164 est
1678 1137 1719 1163 ac
1744 1128 1775 1163 si
1800 1137 1917 1175 graece
1939 1127 2036 1163 dicas
2063 1128 2156 1172 ἴσως
2180 1125 2229 1165 ἄν

322 1201 457 1235 δύναιο
482 1198 783 1243 ἀναγιγνώσκειν
808 1207 874 1240 pro
902 1197 1203 1241 ἀναγιγνώσκειν
1228 1211 1272 1234 σε
1292 1200 1363 1246 χρή
1390 1202 1443 1234 vel
1463 1201 1573 1234 latine
1590 1201 1736 1242 aqnoscn‘s
1761 1200 1887 1241 opt‘nor.
1927 1198 2085 1232 Eandem
2111 1204 2228 1233 autem

324 1268 480 1304 ironiam
521 1267 665 1303 exhibet
704 1267 948 1311 interpunctio
987 1265 1086 1309 Feae,
1136 1267 1319 1313 plerisque
1363 1278 1435 1304 non
1475 1268 1561 1304 satis
1605 1266 1808 1303 intellecta:
1857 1276 1939 1302 nam
1979 1266 2075 1311 quod
2111 1278 2143 1302 v.
2180 1268 2230 1304 29

324 1337 621 1382 interrogationis
648 1337 754 1382 signo
782 1335 982 1378 concludit,
1012 1336 1238 1380 interpretari
1266 1337 1427 1373 videtur:
1460 1338 1576 1382 ecquid
1599 1346 1770 1382 aquescero
1794 1335 1936 1380 poesis?
1972 1335 2068 1370 velut
2093 1336 2123 1371 si
2145 1337 2229 1382 quis

325 1408 531 1453 germanice
557 1406 676 1441 dicat:
702 1407 829 1440 solltest
851 1407 895 1440 du
920 1407 1009 1440 darm
1030 1407 1115 1440 wohl
1136 1408 1182 1440 im
1202 1409 1317 1441 scande
1340 1408 1410 1442 sein
1433 1419 1476 1441 zu
1498 1408 1686 1442 orkennen?
1725 1416 1792 1451 pro
1814 1407 1858 1440 du
1886 1412 1992 1440 mutat
2015 1407 2182 1440 erkennen.

520 1474 613 1510 Tum
653 1483 737 1509 vero
781 1474 844 1519 qui
880 1478 1082 1519 sequuntur
1116 1484 1147 1510 v.
1194 1476 1241 1511 30
1281 1480 1315 1511 et
1349 1477 1396 1512 31
1438 1478 1585 1512 omnino
1623 1473 1840 1521 desperandi
1881 1474 1968 1510 mihi
2006 1474 2231 1519 videbantur,

325 1548 538 1590 priusquam
576 1547 761 1590 egregiam
798 1544 912 1579 Tuam
949 1546 1279 1587 interpunctionem
1314 1548 1481 1592 cognovi.
1533 1547 1622 1582 Nam
1644 1545 1742 1590 quod
1769 1545 1917 1589 plurimi
1939 1554 2020 1579 cum
2049 1543 2233 1579 Schmidio

323 1615 430 1650 verba
458 1614 671 1658 respondesne
705 1618 760 1646 tuo
785 1613 917 1647 nomine
942 1612 1036 1649 dicta
1070 1613 1244 1657 putabant
1269 1624 1337 1659 pro
1360 1615 1575 1659 respondesne
1598 1614 1643 1649 ad
1667 1619 1761 1648 tuum
1785 1624 1915 1657 nomen,
1956 1622 2028 1648 non
2053 1612 2170 1649 solum
2196 1612 2233 1648 in

325 1683 488 1717 Ablativo
530 1682 818 1722 attendebamus,
852 1682 926 1717 'sed
964 1693 1007 1717 ne
1048 1685 1267 1718 constructio
1307 1684 1453 1729 quidem
1494 1684 1683 1719 verborum
1723 1687 1865 1727 poterat
1902 1681 2078 1727 expediri.
2143 1681 2233 1717 Nam

324 1753 509 1799 fingebant
536 1752 605 1787 sibi
630 1752 682 1786 illi
705 1779 715 1797 ,
743 1752 780 1787 ni
807 1751 932 1793 fallor,
959 1753 1188 1797 enthymema
1211 1753 1410 1798 quoddam,
1438 1755 1544 1798 quale
1570 1759 1624 1789 est
1650 1753 1886 1788 Horatianum
1910 1751 2021 1787 illudz

759 1820 805 1857 Ut
823 1821 991 1869 jugulent
1013 1821 1195 1867 homines,
1222 1828 1377 1870 surgunt
1402 1822 1445 1860 de
1472 1827 1576 1859 nocte
1601 1822 1784 1859 latrones:

759 1890 804 1926 Ut
827 1896 860 1926 te
887 1893 1006 1936 ipsum
1030 1901 1170 1937 serves,
1203 1902 1275 1927 non
1303 1891 1599 1940 expergisceris?

324 1960 370 1999 At
400 1963 429 1998 si
456 1971 496 1998 ea
522 1960 638 1998 forma
666 1960 842 2007 loquendi
876 1961 1047 1997 voluisset
1078 1961 1128 1996 uti
1159 1966 1286 2007 poeta,
1324 1963 1482 2000 scribere
1507 1962 1684 2000 debebat:
1721 1972 1793 1998 cum
1827 1961 1956 2008 sapiens
1991 1961 2236 2008 meridatusqm

324 2033 473 2074 vocar-is,
513 2032 571 2065 hoc
603 2037 639 2065 tu
661 2032 792 2076 pateris
820 2042 862 2064 ac
885 2031 1060 2075 respondet
1082 2032 1126 2065 ad
1151 2037 1241 2065 tuum
1271 2033 1419 2066 nomen?
1468 2033 1506 2068 ln
1535 2032 1768 2079 grammatica
1795 2032 1907 2077 igitur
1928 2035 2113 2076 peccasset
2138 2030 2234 2076 quod

326 2101 540 2146 particulam
579 2113 618 2135 ne
659 2101 888 2145 adJ'unxisset
929 2102 1037 2136 verbo
1075 2102 1294 2146 respondendi
1330 2107 1364 2137 et
1404 2102 1440 2137 in
1479 2102 1597 2148 logica
1636 2101 1734 2146 quod
1774 2099 1811 2136 id
1854 2101 1974 2146 ipsum
2020 2100 2117 2145 quod
2155 2109 2235 2135 cum

326 2169 564 2206 admiratione
585 2169 740 2216 quadam
767 2175 874 2216 atque
903 2168 1157 2217 indignatione
1182 2170 1416 2215 quaerendum
1441 2176 1545 2214 esset,
1571 2171 1719 2206 verbum
1737 2170 1901 2216 patiendi,
1928 2170 1964 2206 in
1986 2169 2236 2217 propositione

333 2242 457 2283 priore
487 2241 712 2275 collocasset.
767 2239 877 2282 Quod
907 2245 1026 2274 autem
1053 2240 1115 2273 alii
1142 2245 1254 2274 totum
1280 2242 1399 2274 locum
1424 2242 1476 2275 sic
1503 2242 1746 2274 constituunt:

770 2308 1031 2355 Respondesne
1059 2314 1120 2346 tuo
1148 2331 1194 2338 —
1222 2309 1280 2348 dic
1305 2309 1414 2347 sodes
1438 2330 1487 2338 -
1512 2310 1678 2347 nomine:
1704 2319 1857 2357 „nempe

761 2379 826 2414 Vir
851 2380 968 2414 bonus
995 2384 1028 2414 et
1054 2380 1213 2425 prudens
1239 2380 1308 2415 dici
1335 2380 1496 2415 delector
1523 2389 1590 2426 ego
1616 2389 1657 2415 ac
1684 2376 1776 2414 tu“?

328 2460 445 2494 neque
478 2449 564 2494 quid
603 2450 672 2485 sibi
713 2450 822 2484 velint
858 2449 965 2483 verba
999 2454 1055 2482 tuo
1095 2451 1227 2483 nomino
1258 2450 1440 2494 perspicio
1480 2460 1544 2484 nec
1577 2449 1760 2494 quomodo
1802 2449 1859 2484 hie
1893 2449 1996 2484 locus
2032 2453 2237 2492 opponatur

329 2519 401 2556 illis
427 2518 471 2555 de
498 2518 654 2566 Augusti
678 2518 785 2555 laude
810 2518 999 2555 versibus:
1026 2529 1108 2555 nam
1136 2520 1180 2555 iis
1211 2518 1357 2565 quidem
1383 2519 1623 2555 certissimum
1649 2523 1703 2555 est
1736 2517 1941 2565 Augustum
1971 2516 2043 2553 dici
2069 2516 2237 2553 laudibus

328 2590 404 2624 suis
443 2587 677 2634 respondere.
747 2587 947 2623 Redeamus
990 2589 1099 2634 igitur
1136 2587 1180 2624 ad
1217 2588 1333 2624 Tuam
1371 2589 1697 2632 interpunctionem
1730 2597 1803 2622 non
1846 2588 1965 2622 minus
2001 2587 2240 2622 necessariam

331 2668 440 2704 quam
491 2658 744 2706 ingeniosam:
797 2658 932 2703 quippe
987 2667 1067 2703 quae
1111 2663 1183 2694 tam
1237 2657 1353 2695 facilis
1400 2657 1560 2694 videatur
1608 2663 1646 2694 ut
1688 2662 1884 2704 postquam
1930 2665 1950 2692 a
1994 2655 2044 2692 Te
2097 2657 2238 2692 inventa

330 2734 385 2763 est
422 2738 547 2765 omnes
584 2729 758 2763 miremur
797 2736 862 2763 cur
900 2737 972 2763 non
1012 2728 1132 2764 statim
1169 2728 1207 2764 in
1239 2738 1319 2765 eam
1354 2727 1602 2766 inciderimus.
1657 2727 1747 2764 Nam
1782 2737 1894 2773 quum
1931 2726 1982 2761 sic
2014 2727 2240 2773 inter-pungis

333 2799 463 2834 rerba:
