<?xml version="1.0" encoding="UTF-8"?>
<!DOCTYPE html PUBLIC "-//W3C//DTD XHTML 1.0 Transitional//EN"
    "http://www.w3.org/TR/xhtml1/DTD/xhtml1-transitional.dtd">
<html xmlns="http://www.w3.org/1999/xhtml" xml:lang="en" lang="en">
 <head>
  <title>
</title>
<meta http-equiv="Content-Type" content="text/html;charset=utf-8" />
  <meta name='ocr-system' content='tesseract 3.04.00' />
  <meta name='ocr-capabilities' content='ocr_page ocr_carea ocr_par ocr_line ocrx_word'/>
</head>
<body>
  <div class='ocr_page' id='page_1' title='image "./4775958_0025.png"; bbox 0 0 2585 3173; ppageno 0'>
   <div class='ocr_carea' id='block_1_1' title="bbox 1101 130 1352 223">
    <p class='ocr_par' dir='ltr' id='par_1_1' title="bbox 1101 130 1352 223">
     <span class='ocr_line' id='line_1_1' title="bbox 1101 130 1352 223; baseline 0 2950"><span class='ocrx_word' id='word_1_1' title='bbox 1101 130 1352 223; x_wconf 95' lang='lat' dir='ltr'> </span> 
     </span>
    </p>
   </div>
   <div class='ocr_carea' id='block_1_2' title="bbox 487 313 2193 364">
    <p class='ocr_par' dir='ltr' id='par_1_2' title="bbox 487 313 2193 364">
     <span class='ocr_line' id='line_1_2' title="bbox 487 313 2193 364; baseline -0.002 -11"><span class='ocrx_word' id='word_1_2' title='bbox 487 316 663 354; x_wconf 85' lang='lat' dir='ltr'>Praeterea</span> <span class='ocrx_word' id='word_1_3' title='bbox 698 326 731 352; x_wconf 81' lang='lat' dir='ltr'>v.</span> <span class='ocrx_word' id='word_1_4' title='bbox 770 313 814 350; x_wconf 85' lang='lat'>¹0</span> <span class='ocrx_word' id='word_1_5' title='bbox 852 313 959 361; x_wconf 88' lang='lat' dir='ltr'>hujus</span> <span class='ocrx_word' id='word_1_6' title='bbox 1010 316 1114 363; x_wconf 86' lang='lat' dir='ltr'><strong>epist.</strong></span> <span class='ocrx_word' id='word_1_7' title='bbox 1162 327 1290 364; x_wconf 87' lang='lat' dir='ltr'>parum</span> <span class='ocrx_word' id='word_1_8' title='bbox 1336 315 1557 353; x_wconf 85' lang='lat' dir='ltr'><strong>intellexisse</strong></span> <span class='ocrx_word' id='word_1_9' title='bbox 1601 315 1688 351; x_wconf 92' lang='lat' dir='ltr'>mihi</span> <span class='ocrx_word' id='word_1_10' title='bbox 1731 315 1873 352; x_wconf 75' lang='lat' dir='ltr'>videris.</span> <span class='ocrx_word' id='word_1_11' title='bbox 1939 314 2057 361; x_wconf 83' lang='lat' dir='ltr'><strong>Quem</strong></span> <span class='ocrx_word' id='word_1_12' title='bbox 2096 313 2193 361; x_wconf 92' lang='lat' dir='ltr'>quod</span> 
     </span>
    </p>
   </div>
   <div class='ocr_carea' id='block_1_3' title="bbox 294 384 2046 499">
    <p class='ocr_par' dir='ltr' id='par_1_3' title="bbox 294 384 2046 499">
     <span class='ocr_line' id='line_1_3' title="bbox 294 384 817 434; baseline -0.008 -10"><span class='ocrx_word' id='word_1_13' title='bbox 294 388 499 434; x_wconf 79' lang='lat' dir='ltr'>germanice</span> <span class='ocrx_word' id='word_1_14' title='bbox 525 387 577 422; x_wconf 91' lang='lat' dir='ltr'>sic</span> <span class='ocrx_word' id='word_1_15' title='bbox 604 384 817 421; x_wconf 81' lang='lat' dir='ltr'>reddidisti:</span> 
     </span>
     <span class='ocr_line' id='line_1_4' title="bbox 716 453 2046 499; baseline -0.001 -11"><span class='ocrx_word' id='word_1_16' title='bbox 716 453 819 498; x_wconf 77' lang='lat' dir='ltr'>Rinqe</span> <span class='ocrx_word' id='word_1_17' title='bbox 843 453 917 488; x_wconf 77' lang='lat' dir='ltr'>dich</span> <span class='ocrx_word' id='word_1_18' title='bbox 939 455 1065 489; x_wconf 78' lang='lat' dir='ltr'><em>wacker</em></span> <span class='ocrx_word' id='word_1_19' title='bbox 1087 456 1267 499; x_wconf 77' lang='lat' dir='ltr'>hindurch,</span> <span class='ocrx_word' id='word_1_20' title='bbox 1299 457 1378 490; x_wconf 66' lang='lat' dir='ltr'>aber</span> <span class='ocrx_word' id='word_1_21' title='bbox 1402 455 1523 498; x_wconf 79' lang='lat' dir='ltr'>Holm,</span> <span class='ocrx_word' id='word_1_22' title='bbox 1550 454 1653 488; x_wconf 72' lang='lat' dir='ltr'>durch</span> <span class='ocrx_word' id='word_1_23' title='bbox 1677 453 1806 488; x_wconf 82' lang='lat' dir='ltr'>Lachen</span> <span class='ocrx_word' id='word_1_24' title='bbox 1833 455 1900 487; x_wconf 81' lang='lat' dir='ltr'>und</span> <span class='ocrx_word' id='word_1_25' title='bbox 1921 453 1953 487; x_wconf 87' lang='lat' dir='ltr'><em>F</em></span> <span class='ocrx_word' id='word_1_26' title='bbox 1952 456 2046 496; x_wconf 59' lang='lat' dir='ltr'>lasse,</span> 
     </span>
    </p>
   </div>
   <div class='ocr_carea' id='block_1_4' title="bbox 285 521 2205 2729">
    <p class='ocr_par' dir='ltr' id='par_1_4' title="bbox 288 521 2203 1825">
     <span class='ocr_line' id='line_1_5' title="bbox 295 521 2192 568; baseline -0.003 -7"><span class='ocrx_word' id='word_1_27' title='bbox 295 524 350 561; x_wconf 92' lang='lat' dir='ltr'>Tu</span> <span class='ocrx_word' id='word_1_28' title='bbox 391 534 472 561; x_wconf 86' lang='lat' dir='ltr'>eum</span> <span class='ocrx_word' id='word_1_29' title='bbox 516 522 657 559; x_wconf 88' lang='lat' dir='ltr'>Orellio</span> <span class='ocrx_word' id='word_1_30' title='bbox 699 521 819 558; x_wconf 79' lang='lat' dir='ltr'>facere</span> <span class='ocrx_word' id='word_1_31' title='bbox 859 523 989 559; x_wconf 90' lang='lat' dir='ltr'>videris</span> <span class='ocrx_word' id='word_1_32' title='bbox 1034 525 1094 568; x_wconf 89' lang='lat' dir='ltr'>qui</span> <span class='ocrx_word' id='word_1_33' title='bbox 1140 524 1185 559; x_wconf 91' lang='lat' dir='ltr'>ad</span> <span class='ocrx_word' id='word_1_34' title='bbox 1224 525 1319 560; x_wconf 92' lang='lat' dir='ltr'>hunc</span> <span class='ocrx_word' id='word_1_35' title='bbox 1356 534 1498 560; x_wconf 84' lang='lat' dir='ltr'>versum</span> <span class='ocrx_word' id='word_1_36' title='bbox 1542 524 1724 559; x_wconf 81' lang='lat' dir='ltr'>annotavit</span> <span class='ocrx_word' id='word_1_37' title='bbox 1757 523 1873 568; x_wconf 90' lang='lat' dir='ltr'>j0cari</span> <span class='ocrx_word' id='word_1_38' title='bbox 1910 528 2052 568; x_wconf 80' lang='lat' dir='ltr'>poetam</span> <span class='ocrx_word' id='word_1_39' title='bbox 2088 524 2192 567; x_wconf 89' lang='lat' dir='ltr'>quasi</span> 
     </span>
     <span class='ocr_line' id='line_1_6' title="bbox 294 591 2194 641; baseline -0.002 -9"><span class='ocrx_word' id='word_1_40' title='bbox 294 596 476 641; x_wconf 86' lang='lat' dir='ltr'>inceptum</span> <span class='ocrx_word' id='word_1_41' title='bbox 500 592 751 629; x_wconf 82' lang='lat' dir='ltr'>difficillimum</span> <span class='ocrx_word' id='word_1_42' title='bbox 778 591 870 628; x_wconf 83' lang='lat' dir='ltr'>foret</span> <span class='ocrx_word' id='word_1_43' title='bbox 903 603 946 629; x_wconf 87' lang='lat' dir='ltr'>ex</span> <span class='ocrx_word' id='word_1_44' title='bbox 973 592 1109 629; x_wconf 89' lang='lat' dir='ltr'>Sabino</span> <span class='ocrx_word' id='word_1_45' title='bbox 1142 594 1289 631; x_wconf 86' lang='lat' dir='ltr'>Romam</span> <span class='ocrx_word' id='word_1_46' title='bbox 1324 595 1521 640; x_wconf 84' lang='lat' dir='ltr'>pervenire.</span> <span class='ocrx_word' id='word_1_47' title='bbox 1587 592 1754 640; x_wconf 81' lang='lat' dir='ltr'>Frigidus</span> <span class='ocrx_word' id='word_1_48' title='bbox 1787 592 1949 639; x_wconf 82' lang='lat' dir='ltr'>profecto</span> <span class='ocrx_word' id='word_1_49' title='bbox 1982 598 2016 628; x_wconf 92' lang='lat' dir='ltr'>et</span> <span class='ocrx_word' id='word_1_50' title='bbox 2052 594 2194 638; x_wconf 90' lang='lat' dir='ltr'>ineptus</span> 
     </span>
     <span class='ocr_line' id='line_1_7' title="bbox 293 662 2191 709; baseline -0.003 -7"><span class='ocrx_word' id='word_1_51' title='bbox 293 670 389 701; x_wconf 91' lang='lat' dir='ltr'>esset</span> <span class='ocrx_word' id='word_1_52' title='bbox 412 662 590 709; x_wconf 86' lang='lat' dir='ltr'>ejusmodi</span> <span class='ocrx_word' id='word_1_53' title='bbox 616 662 740 707; x_wconf 80' lang='lat' dir='ltr'>jocus,</span> <span class='ocrx_word' id='word_1_54' title='bbox 778 671 859 698; x_wconf 86' lang='lat' dir='ltr'>nam</span> <span class='ocrx_word' id='word_1_55' title='bbox 890 672 1030 705; x_wconf 83' lang='lat' dir='ltr'>summa</span> <span class='ocrx_word' id='word_1_56' title='bbox 1060 664 1169 699; x_wconf 90' lang='lat' dir='ltr'>totius</span> <span class='ocrx_word' id='word_1_57' title='bbox 1209 664 1370 709; x_wconf 85' lang='lat' dir='ltr'>epistolae</span> <span class='ocrx_word' id='word_1_58' title='bbox 1403 665 1439 699; x_wconf 94' lang='lat' dir='ltr'>in</span> <span class='ocrx_word' id='word_1_59' title='bbox 1470 672 1513 699; x_wconf 90' lang='lat' dir='ltr'>eo</span> <span class='ocrx_word' id='word_1_60' title='bbox 1544 667 1707 698; x_wconf 90' lang='lat' dir='ltr'>versatur</span> <span class='ocrx_word' id='word_1_61' title='bbox 1740 668 1778 698; x_wconf 92' lang='lat' dir='ltr'>ut</span> <span class='ocrx_word' id='word_1_62' title='bbox 1801 662 1927 698; x_wconf 84' lang='lat' dir='ltr'>Vinius</span> <span class='ocrx_word' id='word_1_63' title='bbox 1959 662 2054 697; x_wconf 93' lang='lat' dir='ltr'>domi</span> <span class='ocrx_word' id='word_1_64' title='bbox 2081 663 2191 708; x_wconf 84' lang='lat' dir='ltr'>regiae</span> 
     </span>
     <span class='ocr_line' id='line_1_8' title="bbox 292 730 2192 781; baseline -0.003 -9"><span class='ocrx_word' id='word_1_65' title='bbox 292 741 399 781; x_wconf 86' lang='lat' dir='ltr'>atque</span> <span class='ocrx_word' id='word_1_66' title='bbox 423 742 544 770; x_wconf 90' lang='lat' dir='ltr'>coram</span> <span class='ocrx_word' id='word_1_67' title='bbox 568 730 731 779; x_wconf 87' lang='lat' dir='ltr'>Augusto</span> <span class='ocrx_word' id='word_1_68' title='bbox 762 730 934 768; x_wconf 89' lang='lat' dir='ltr'>decorum</span> <span class='ocrx_word' id='word_1_69' title='bbox 968 732 1169 768; x_wconf 82' lang='lat' dir='ltr'>custodiat:</span> <span class='ocrx_word' id='word_1_70' title='bbox 1211 735 1255 770; x_wconf 89' lang='lat' dir='ltr'>ab</span> <span class='ocrx_word' id='word_1_71' title='bbox 1285 736 1354 770; x_wconf 86' lang='lat' dir='ltr'>hoc</span> <span class='ocrx_word' id='word_1_72' title='bbox 1384 739 1502 770; x_wconf 90' lang='lat' dir='ltr'>autem</span> <span class='ocrx_word' id='word_1_73' title='bbox 1533 733 1687 769; x_wconf 91' lang='lat' dir='ltr'>consilio</span> <span class='ocrx_word' id='word_1_74' title='bbox 1722 733 1855 768; x_wconf 87' lang='lat' dir='ltr'>mentio</span> <span class='ocrx_word' id='word_1_75' title='bbox 1880 731 1922 767; x_wconf 93' lang='lat' dir='ltr'>de</span> <span class='ocrx_word' id='word_1_76' title='bbox 1947 733 2010 766; x_wconf 84' lang='lat' dir='ltr'>viae</span> <span class='ocrx_word' id='word_1_77' title='bbox 2037 731 2192 767; x_wconf 83' lang='lat' dir='ltr'>difficul-</span> 
     </span>
     <span class='ocr_line' id='line_1_9' title="bbox 293 801 2193 849; baseline -0.003 -7"><span class='ocrx_word' id='word_1_78' title='bbox 293 804 425 842; x_wconf 83' lang='lat' dir='ltr'>tatibus</span> <span class='ocrx_word' id='word_1_79' title='bbox 457 801 550 838; x_wconf 80' lang='lat' dir='ltr'>facta</span> <span class='ocrx_word' id='word_1_80' title='bbox 582 811 690 846; x_wconf 84' lang='lat' dir='ltr'>quam</span> <span class='ocrx_word' id='word_1_81' title='bbox 721 802 875 837; x_wconf 82' lang='lat' dir='ltr'>maxime</span> <span class='ocrx_word' id='word_1_82' title='bbox 903 807 957 838; x_wconf 92' lang='lat' dir='ltr'>est</span> <span class='ocrx_word' id='word_1_83' title='bbox 991 802 1121 839; x_wconf 91' lang='lat' dir='ltr'>aliena.</span> <span class='ocrx_word' id='word_1_84' title='bbox 1187 802 1360 840; x_wconf 86' lang='lat' dir='ltr'>Similiter</span> <span class='ocrx_word' id='word_1_85' title='bbox 1395 812 1520 840; x_wconf 75' lang='lat' dir='ltr'>versus</span> <span class='ocrx_word' id='word_1_86' title='bbox 1556 802 1715 847; x_wconf 89' lang='lat' dir='ltr'>disponit</span> <span class='ocrx_word' id='word_1_87' title='bbox 1746 802 1975 849; x_wconf 82' lang='lat' dir='ltr'>Kruegerus:</span> <span class='ocrx_word' id='word_1_88' title='bbox 2015 812 2047 837; x_wconf 76' lang='lat' dir='ltr'>v.</span> <span class='ocrx_word' id='word_1_89' title='bbox 2074 802 2193 838; x_wconf 88' lang='grc'>6-9</span> 
     </span>
     <span class='ocr_line' id='line_1_10' title="bbox 291 871 2191 917; baseline -0.002 -8"><span class='ocrx_word' id='word_1_90' title='bbox 291 873 505 917; x_wconf 68' lang='lat' dir='ltr'>omtoendiyoe</span> <span class='ocrx_word' id='word_1_91' title='bbox 532 871 705 905; x_wconf 75' lang='lat' dir='ltr'>benehmen</span> <span class='ocrx_word' id='word_1_92' title='bbox 731 872 781 905; x_wconf 76' lang='lat' dir='ltr'>bei</span> <span class='ocrx_word' id='word_1_93' title='bbox 805 872 862 905; x_wconf 83' lang='lat' dir='ltr'>der</span> <span class='ocrx_word' id='word_1_94' title='bbox 887 873 1040 916; x_wconf 75' lang='lat' dir='ltr'>unkunst.</span> <span class='ocrx_word' id='word_1_95' title='bbox 1088 884 1120 908; x_wconf 89' lang='lat' dir='ltr'>v.</span> <span class='ocrx_word' id='word_1_96' title='bbox 1150 874 1193 908; x_wconf 82' lang='lat'>10</span> <span class='ocrx_word' id='word_1_97' title='bbox 1220 875 1285 908; x_wconf 74' lang='lat' dir='ltr'>lass</span> <span class='ocrx_word' id='word_1_98' title='bbox 1317 886 1350 908; x_wconf 79' lang='lat' dir='ltr'>es</span> <span class='ocrx_word' id='word_1_99' title='bbox 1374 886 1419 907; x_wconf 80' lang='lat' dir='ltr'>an</span> <span class='ocrx_word' id='word_1_100' title='bbox 1444 875 1501 907; x_wconf 85' lang='lat' dir='ltr'>der</span> <span class='ocrx_word' id='word_1_101' title='bbox 1531 873 1779 916; x_wconf 80' lang='lat' dir='ltr'>erforderlichcn</span> <span class='ocrx_word' id='word_1_102' title='bbox 1803 878 2018 916; x_wconf 72' lang='lat' dir='ltr'>anstrenqunq</span> <span class='ocrx_word' id='word_1_103' title='bbox 2041 873 2102 915; x_wconf 82' lang='lat' dir='ltr'>auf</span> <span class='ocrx_word' id='word_1_104' title='bbox 2122 873 2191 905; x_wconf 83' lang='lat' dir='ltr'>dem</span> 
     </span>
     <span class='ocr_line' id='line_1_11' title="bbox 290 938 2191 986; baseline -0.001 -8"><span class='ocrx_word' id='word_1_105' title='bbox 290 942 436 978; x_wconf 75' lang='lat' dir='ltr'>manche</span> <span class='ocrx_word' id='word_1_106' title='bbox 454 941 560 975; x_wconf 56' lang='lat' dir='ltr'>nicht</span> <span class='ocrx_word' id='word_1_107' title='bbox 583 940 699 986; x_wconf 69' lang='lat' dir='ltr'>schleu-</span> <span class='ocrx_word' id='word_1_108' title='bbox 754 949 788 976; x_wconf 83' lang='lat' dir='ltr'>v.</span> <span class='ocrx_word' id='word_1_109' title='bbox 828 939 868 976; x_wconf 83' lang='lat'>11</span> <span class='ocrx_word' id='word_1_110' title='bbox 885 960 932 966; x_wconf 88' lang='lat'>—</span> <span class='ocrx_word' id='word_1_111' title='bbox 949 940 993 976; x_wconf 85' lang='lat'>15</span> <span class='ocrx_word' id='word_1_112' title='bbox 1027 941 1197 976; x_wconf 74' lang='lat' dir='ltr'>benehmen</span> <span class='ocrx_word' id='word_1_113' title='bbox 1234 943 1283 977; x_wconf 83' lang='lat' dir='ltr'>bei</span> <span class='ocrx_word' id='word_1_114' title='bbox 1318 943 1375 977; x_wconf 87' lang='lat' dir='ltr'>der</span> <span class='ocrx_word' id='word_1_115' title='bbox 1410 941 1619 986; x_wconf 71' lang='lat' dir='ltr'>erscheinunq</span> <span class='ocrx_word' id='word_1_116' title='bbox 1654 950 1714 975; x_wconf 79' lang='lat' dir='ltr'>vor</span> <span class='ocrx_word' id='word_1_117' title='bbox 1750 938 1884 985; x_wconf 73' lang='lat' dir='ltr'>Anqust.</span> <span class='ocrx_word' id='word_1_118' title='bbox 1952 939 2044 976; x_wconf 87' lang='lat' dir='ltr'>Sane</span> <span class='ocrx_word' id='word_1_119' title='bbox 2084 940 2113 976; x_wconf 87' lang='lat' dir='ltr'>si</span> <span class='ocrx_word' id='word_1_120' title='bbox 2145 942 2191 976; x_wconf 85' lang='lat' dir='ltr'>ita</span> 
     </span>
     <span class='ocr_line' id='line_1_12' title="bbox 292 1010 2199 1056; baseline -0.003 -6"><span class='ocrx_word' id='word_1_121' title='bbox 292 1013 486 1051; x_wconf 87' lang='lat' dir='ltr'>sententias</span> <span class='ocrx_word' id='word_1_122' title='bbox 510 1010 734 1047; x_wconf 83' lang='lat' dir='ltr'>confundere</span> <span class='ocrx_word' id='word_1_123' title='bbox 760 1011 825 1046; x_wconf 89' lang='lat' dir='ltr'>ulli</span> <span class='ocrx_word' id='word_1_124' title='bbox 848 1016 963 1056; x_wconf 75' lang='lat' dir='ltr'>poetae</span> <span class='ocrx_word' id='word_1_125' title='bbox 988 1011 1124 1055; x_wconf 87' lang='lat' dir='ltr'>liceret,</span> <span class='ocrx_word' id='word_1_126' title='bbox 1149 1013 1238 1049; x_wconf 89' lang='lat' dir='ltr'>nihil</span> <span class='ocrx_word' id='word_1_127' title='bbox 1265 1013 1433 1048; x_wconf 91' lang='lat' dir='ltr'>haberem</span> <span class='ocrx_word' id='word_1_128' title='bbox 1466 1011 1563 1056; x_wconf 92' lang='lat' dir='ltr'>quod</span> <span class='ocrx_word' id='word_1_129' title='bbox 1591 1016 1716 1046; x_wconf 86' lang='lat' dir='ltr'>contra</span> <span class='ocrx_word' id='word_1_130' title='bbox 1742 1011 1792 1046; x_wconf 89' lang='lat' dir='ltr'>Te</span> <span class='ocrx_word' id='word_1_131' title='bbox 1816 1010 1983 1046; x_wconf 84' lang='lat' dir='ltr'>dicerem.</span> <span class='ocrx_word' id='word_1_132' title='bbox 2038 1010 2107 1046; x_wconf 89' lang='lat' dir='ltr'>Sed</span> <span class='ocrx_word' id='word_1_133' title='bbox 2129 1011 2199 1053; x_wconf 90' lang='lat' dir='ltr'>Tu,</span> 
     </span>
     <span class='ocr_line' id='line_1_13' title="bbox 291 1079 2196 1130; baseline -0.002 -10"><span class='ocrx_word' id='word_1_134' title='bbox 291 1082 463 1130; x_wconf 87' lang='lat' dir='ltr'>praeclare</span> <span class='ocrx_word' id='word_1_135' title='bbox 497 1081 567 1125; x_wconf 87' lang='lat' dir='ltr'>vir,</span> <span class='ocrx_word' id='word_1_136' title='bbox 606 1081 683 1126; x_wconf 86' lang='lat' dir='ltr'>ipse</span> <span class='ocrx_word' id='word_1_137' title='bbox 718 1089 932 1128; x_wconf 88' lang='lat' dir='ltr'>persuasum</span> <span class='ocrx_word' id='word_1_138' title='bbox 966 1079 1076 1117; x_wconf 89' lang='lat' dir='ltr'>habes</span> <span class='ocrx_word' id='word_1_139' title='bbox 1101 1081 1213 1118; x_wconf 91' lang='lat' dir='ltr'>multo</span> <span class='ocrx_word' id='word_1_140' title='bbox 1238 1083 1356 1118; x_wconf 91' lang='lat' dir='ltr'>minus</span> <span class='ocrx_word' id='word_1_141' title='bbox 1383 1081 1568 1117; x_wconf 82' lang='lat' dir='ltr'>Horatium</span> <span class='ocrx_word' id='word_1_142' title='bbox 1595 1084 1720 1116; x_wconf 92' lang='lat' dir='ltr'>contra</span> <span class='ocrx_word' id='word_1_143' title='bbox 1758 1080 1886 1116; x_wconf 90' lang='lat' dir='ltr'>mentis</span> <span class='ocrx_word' id='word_1_144' title='bbox 1912 1079 2078 1117; x_wconf 88' lang='lat' dir='ltr'>hnmanae</span> <span class='ocrx_word' id='word_1_145' title='bbox 2098 1079 2196 1127; x_wconf 84' lang='lat' dir='ltr'>leges</span> 
     </span>
     <span class='ocr_line' id='line_1_14' title="bbox 289 1150 2192 1200; baseline -0.002 -11"><span class='ocrx_word' id='word_1_146' title='bbox 289 1162 439 1200; x_wconf 90' lang='lat' dir='ltr'>peccare</span> <span class='ocrx_word' id='word_1_147' title='bbox 464 1161 571 1197; x_wconf 88' lang='lat' dir='ltr'>quam</span> <span class='ocrx_word' id='word_1_148' title='bbox 598 1151 708 1198; x_wconf 86' lang='lat' dir='ltr'>vulgo</span> <span class='ocrx_word' id='word_1_149' title='bbox 731 1151 942 1197; x_wconf 88' lang='lat' dir='ltr'>interpretes</span> <span class='ocrx_word' id='word_1_150' title='bbox 968 1153 1172 1197; x_wconf 88' lang='lat' dir='ltr'>putaverint</span> <span class='ocrx_word' id='word_1_151' title='bbox 1204 1154 1323 1198; x_wconf 85' lang='lat' dir='ltr'>itaque</span> <span class='ocrx_word' id='word_1_152' title='bbox 1348 1151 1450 1187; x_wconf 84' lang='lat' dir='ltr'>facile</span> <span class='ocrx_word' id='word_1_153' title='bbox 1473 1161 1612 1187; x_wconf 90' lang='lat' dir='ltr'>mecum</span> <span class='ocrx_word' id='word_1_154' title='bbox 1640 1150 1750 1187; x_wconf 85' lang='lat' dir='ltr'>facies</span> <span class='ocrx_word' id='word_1_155' title='bbox 1772 1152 1832 1196; x_wconf 93' lang='lat' dir='ltr'>qui</span> <span class='ocrx_word' id='word_1_156' title='bbox 1852 1160 1992 1186; x_wconf 88' lang='lat' dir='ltr'>versum</span> <span class='ocrx_word' id='word_1_157' title='bbox 2015 1150 2192 1186; x_wconf 88' lang='lat' dir='ltr'>decimum</span> 
     </span>
     <span class='ocr_line' id='line_1_15' title="bbox 289 1219 2194 1266; baseline -0.002 -8"><span class='ocrx_word' id='word_1_158' title='bbox 289 1224 488 1259; x_wconf 84' lang='lat' dir='ltr'>existimem</span> <span class='ocrx_word' id='word_1_159' title='bbox 515 1219 628 1254; x_wconf 90' lang='lat' dir='ltr'>videri</span> <span class='ocrx_word' id='word_1_160' title='bbox 654 1219 798 1265; x_wconf 90' lang='lat' dir='ltr'>quidem</span> <span class='ocrx_word' id='word_1_161' title='bbox 831 1229 898 1265; x_wconf 88' lang='lat' dir='ltr'>per</span> <span class='ocrx_word' id='word_1_162' title='bbox 928 1230 968 1255; x_wconf 90' lang='lat' dir='ltr'>se</span> <span class='ocrx_word' id='word_1_163' title='bbox 1001 1226 1116 1265; x_wconf 81' lang='lat' dir='ltr'>stare,</span> <span class='ocrx_word' id='word_1_164' title='bbox 1153 1222 1217 1257; x_wconf 91' lang='lat' dir='ltr'>sed</span> <span class='ocrx_word' id='word_1_165' title='bbox 1249 1231 1371 1256; x_wconf 81' lang='lat' dir='ltr'>revera</span> <span class='ocrx_word' id='word_1_166' title='bbox 1401 1222 1646 1256; x_wconf 90' lang='lat' dir='ltr'>enunciationi</span> <span class='ocrx_word' id='word_1_167' title='bbox 1682 1230 1761 1266; x_wconf 85' lang='lat' dir='ltr'>quae</span> <span class='ocrx_word' id='word_1_168' title='bbox 1793 1225 1965 1265; x_wconf 89' lang='lat' dir='ltr'>sequatur</span> <span class='ocrx_word' id='word_1_169' title='bbox 1995 1220 2194 1265; x_wconf 78' lang='lat' dir='ltr'>subJectum</span> 
     </span>
     <span class='ocr_line' id='line_1_16' title="bbox 289 1289 2192 1339; baseline -0.004 -8"><span class='ocrx_word' id='word_1_170' title='bbox 289 1303 387 1336; x_wconf 84' lang='lat' dir='ltr'>esse,</span> <span class='ocrx_word' id='word_1_171' title='bbox 415 1289 569 1338; x_wconf 85' lang='lat' dir='ltr'>proinde</span> <span class='ocrx_word' id='word_1_172' title='bbox 596 1290 699 1336; x_wconf 88' lang='lat' dir='ltr'>quasi</span> <span class='ocrx_word' id='word_1_173' title='bbox 725 1289 855 1326; x_wconf 77' lang='lat' dir='ltr'>dixerit</span> <span class='ocrx_word' id='word_1_174' title='bbox 883 1296 1011 1337; x_wconf 81' lang='lat' dir='ltr'>poeta:</span> <span class='ocrx_word' id='word_1_175' title='bbox 1043 1291 1174 1327; x_wconf 74' lang='lat' dir='ltr'>Viribus</span> <span class='ocrx_word' id='word_1_176' title='bbox 1197 1293 1346 1339; x_wconf 78' lang='lat' dir='ltr'>quamvis</span> <span class='ocrx_word' id='word_1_177' title='bbox 1372 1291 1478 1325; x_wconf 72' lang='lat' dir='ltr'>utaris</span> <span class='ocrx_word' id='word_1_178' title='bbox 1503 1293 1539 1326; x_wconf 78' lang='lat' dir='ltr'>in</span> <span class='ocrx_word' id='word_1_179' title='bbox 1563 1293 1699 1335; x_wconf 76' lang='lat' dir='ltr'>itinere,</span> <span class='ocrx_word' id='word_1_180' title='bbox 1735 1292 1872 1326; x_wconf 74' lang='lat' dir='ltr'>simu-lac</span> <span class='ocrx_word' id='word_1_181' title='bbox 1895 1292 2077 1337; x_wconf 71' lang='lat' dir='ltr'>perveneris</span> <span class='ocrx_word' id='word_1_182' title='bbox 2105 1291 2192 1333; x_wconf 73' lang='lat' dir='ltr'>illuc,</span> 
     </span>
     <span class='ocr_line' id='line_1_17' title="bbox 289 1359 2196 1408; baseline -0.002 -11"><span class='ocrx_word' id='word_1_183' title='bbox 289 1369 395 1397; x_wconf 75' lang='lat' dir='ltr'>motus</span> <span class='ocrx_word' id='word_1_184' title='bbox 425 1366 456 1395; x_wconf 82' lang='lat' dir='ltr'>et</span> <span class='ocrx_word' id='word_1_185' title='bbox 481 1365 587 1406; x_wconf 63' lang='lat' dir='ltr'>gestus</span> <span class='ocrx_word' id='word_1_186' title='bbox 616 1364 781 1394; x_wconf 66' lang='lat' dir='ltr'>venustate</span> <span class='ocrx_word' id='word_1_187' title='bbox 813 1370 892 1406; x_wconf 69' lang='lat' dir='ltr'>opus</span> <span class='ocrx_word' id='word_1_188' title='bbox 927 1362 1001 1394; x_wconf 83' lang='lat' dir='ltr'>erit.</span> <span class='ocrx_word' id='word_1_189' title='bbox 1067 1359 1189 1405; x_wconf 84' lang='lat' dir='ltr'>Quum</span> <span class='ocrx_word' id='word_1_190' title='bbox 1226 1363 1339 1408; x_wconf 87' lang='lat' dir='ltr'>igitur</span> <span class='ocrx_word' id='word_1_191' title='bbox 1376 1360 1550 1396; x_wconf 89' lang='lat' dir='ltr'>concedat</span> <span class='ocrx_word' id='word_1_192' title='bbox 1587 1360 1724 1396; x_wconf 90' lang='lat' dir='ltr'>homini</span> <span class='ocrx_word' id='word_1_193' title='bbox 1763 1361 1948 1396; x_wconf 90' lang='lat' dir='ltr'>robustum</span> <span class='ocrx_word' id='word_1_194' title='bbox 1986 1369 2117 1404; x_wconf 88' lang='lat' dir='ltr'>corpus</span> <span class='ocrx_word' id='word_1_195' title='bbox 2156 1369 2196 1396; x_wconf 89' lang='lat' dir='ltr'>ac</span> 
     </span>
     <span class='ocr_line' id='line_1_18' title="bbox 288 1427 2197 1475; baseline -0.003 -7"><span class='ocrx_word' id='word_1_196' title='bbox 288 1436 404 1468; x_wconf 88' lang='lat' dir='ltr'>vastas</span> <span class='ocrx_word' id='word_1_197' title='bbox 431 1430 525 1466; x_wconf 89' lang='lat' dir='ltr'>vires</span> <span class='ocrx_word' id='word_1_198' title='bbox 556 1433 747 1473; x_wconf 78' lang='lat' dir='ltr'>antequam</span> <span class='ocrx_word' id='word_1_199' title='bbox 776 1427 822 1464; x_wconf 83' lang='lat' dir='ltr'>ad</span> <span class='ocrx_word' id='word_1_200' title='bbox 853 1428 1056 1475; x_wconf 83' lang='lat' dir='ltr'>Augustum</span> <span class='ocrx_word' id='word_1_201' title='bbox 1093 1432 1211 1466; x_wconf 88' lang='lat' dir='ltr'>veniat</span> <span class='ocrx_word' id='word_1_202' title='bbox 1246 1440 1432 1475; x_wconf 79' lang='lat' dir='ltr'>exercere,</span> <span class='ocrx_word' id='word_1_203' title='bbox 1478 1434 1599 1465; x_wconf 92' lang='lat' dir='ltr'>monet</span> <span class='ocrx_word' id='word_1_204' title='bbox 1634 1439 1733 1470; x_wconf 90' lang='lat' dir='ltr'>eum,</span> <span class='ocrx_word' id='word_1_205' title='bbox 1774 1434 1807 1465; x_wconf 91' lang='lat' dir='ltr'>et</span> <span class='ocrx_word' id='word_1_206' title='bbox 1848 1430 1930 1464; x_wconf 87' lang='lat' dir='ltr'>huic</span> <span class='ocrx_word' id='word_1_207' title='bbox 1965 1429 2109 1473; x_wconf 88' lang='lat' dir='ltr'>quidem</span> <span class='ocrx_word' id='word_1_208' title='bbox 2145 1431 2197 1464; x_wconf 91' lang='lat' dir='ltr'>rei</span> 
     </span>
     <span class='ocr_line' id='line_1_19' title="bbox 289 1498 2200 1547; baseline -0.002 -10"><span class='ocrx_word' id='word_1_209' title='bbox 289 1500 388 1538; x_wconf 91' lang='lat' dir='ltr'>addit</span> <span class='ocrx_word' id='word_1_210' title='bbox 412 1498 577 1546; x_wconf 91' lang='lat' dir='ltr'>pondus,</span> <span class='ocrx_word' id='word_1_211' title='bbox 619 1503 656 1534; x_wconf 93' lang='lat' dir='ltr'>ut</span> <span class='ocrx_word' id='word_1_212' title='bbox 690 1507 812 1534; x_wconf 86' lang='lat' dir='ltr'>coram</span> <span class='ocrx_word' id='word_1_213' title='bbox 849 1500 1066 1545; x_wconf 89' lang='lat' dir='ltr'>imperatore</span> <span class='ocrx_word' id='word_1_214' title='bbox 1101 1501 1217 1547; x_wconf 86' lang='lat' dir='ltr'>gratia</span> <span class='ocrx_word' id='word_1_215' title='bbox 1245 1501 1366 1546; x_wconf 90' lang='lat' dir='ltr'>potius</span> <span class='ocrx_word' id='word_1_216' title='bbox 1398 1509 1506 1545; x_wconf 89' lang='lat' dir='ltr'>quam</span> <span class='ocrx_word' id='word_1_217' title='bbox 1541 1500 1677 1535; x_wconf 83' lang='lat' dir='ltr'>viribus</span> <span class='ocrx_word' id='word_1_218' title='bbox 1710 1504 1852 1535; x_wconf 87' lang='lat' dir='ltr'>utatur:</span> <span class='ocrx_word' id='word_1_219' title='bbox 1901 1501 2021 1544; x_wconf 89' lang='lat' dir='ltr'>itaque</span> <span class='ocrx_word' id='word_1_220' title='bbox 2046 1510 2078 1535; x_wconf 92' lang='lat' dir='ltr'>v.</span> <span class='ocrx_word' id='word_1_221' title='bbox 2109 1499 2153 1535; x_wconf 88' lang='lat'>10</span> <span class='ocrx_word' id='word_1_222' title='bbox 2181 1509 2200 1534; x_wconf 91' lang='lat' dir='ltr'>a</span> 
     </span>
     <span class='ocr_line' id='line_1_20' title="bbox 289 1569 2199 1614; baseline -0.002 -7"><span class='ocrx_word' id='word_1_223' title='bbox 289 1583 321 1607; x_wconf 87' lang='lat' dir='ltr'>v.</span> <span class='ocrx_word' id='word_1_224' title='bbox 353 1573 396 1607; x_wconf 83' lang='lat'>11</span> <span class='ocrx_word' id='word_1_225' title='bbox 421 1569 711 1614; x_wconf 85' lang='lat' dir='ltr'>interpunctione</span> <span class='ocrx_word' id='word_1_226' title='bbox 737 1578 811 1603; x_wconf 91' lang='lat' dir='ltr'>non</span> <span class='ocrx_word' id='word_1_227' title='bbox 836 1569 885 1604; x_wconf 89' lang='lat' dir='ltr'>ita</span> <span class='ocrx_word' id='word_1_228' title='bbox 909 1570 1152 1606; x_wconf 86' lang='lat' dir='ltr'>secernendus</span> <span class='ocrx_word' id='word_1_229' title='bbox 1177 1576 1230 1606; x_wconf 87' lang='lat' dir='ltr'>est</span> <span class='ocrx_word' id='word_1_230' title='bbox 1256 1576 1294 1605; x_wconf 92' lang='lat' dir='ltr'>ut</span> <span class='ocrx_word' id='word_1_231' title='bbox 1324 1571 1535 1606; x_wconf 90' lang='lat' dir='ltr'>sententiam</span> <span class='ocrx_word' id='word_1_232' title='bbox 1567 1570 1768 1605; x_wconf 92' lang='lat' dir='ltr'>absolutam</span> <span class='ocrx_word' id='word_1_233' title='bbox 1812 1571 1998 1605; x_wconf 89' lang='lat' dir='ltr'>continere</span> <span class='ocrx_word' id='word_1_234' title='bbox 2025 1569 2199 1605; x_wconf 67' lang='lat' dir='ltr'>videatur.</span> 
     </span>
     <span class='ocr_line' id='line_1_21' title="bbox 291 1637 2201 1685; baseline -0.002 -9"><span class='ocrx_word' id='word_1_235' title='bbox 291 1639 383 1685; x_wconf 85' lang='lat' dir='ltr'>Quae</span> <span class='ocrx_word' id='word_1_236' title='bbox 409 1638 554 1684; x_wconf 89' lang='lat' dir='ltr'>quidem</span> <span class='ocrx_word' id='word_1_237' title='bbox 581 1638 772 1682; x_wconf 81' lang='lat' dir='ltr'>explicatio</span> <span class='ocrx_word' id='word_1_238' title='bbox 800 1642 871 1673; x_wconf 87' lang='lat' dir='ltr'>tam</span> <span class='ocrx_word' id='word_1_239' title='bbox 898 1637 1013 1674; x_wconf 87' lang='lat' dir='ltr'>facilis</span> <span class='ocrx_word' id='word_1_240' title='bbox 1035 1643 1069 1673; x_wconf 86' lang='lat' dir='ltr'>et</span> <span class='ocrx_word' id='word_1_241' title='bbox 1087 1640 1290 1675; x_wconf 77' lang='lat' dir='ltr'>necessaria</span> <span class='ocrx_word' id='word_1_242' title='bbox 1314 1644 1366 1675; x_wconf 92' lang='lat' dir='ltr'>est</span> <span class='ocrx_word' id='word_1_243' title='bbox 1387 1643 1424 1674; x_wconf 90' lang='lat' dir='ltr'>ut</span> <span class='ocrx_word' id='word_1_244' title='bbox 1449 1640 1558 1674; x_wconf 91' lang='lat' dir='ltr'>mirer</span> <span class='ocrx_word' id='word_1_245' title='bbox 1581 1637 1680 1683; x_wconf 92' lang='lat' dir='ltr'>quod</span> <span class='ocrx_word' id='word_1_246' title='bbox 1703 1648 1807 1673; x_wconf 89' lang='lat' dir='ltr'>nemo</span> <span class='ocrx_word' id='word_1_247' title='bbox 1831 1638 1948 1673; x_wconf 84' lang='lat' dir='ltr'>adbuc</span> <span class='ocrx_word' id='word_1_248' title='bbox 1968 1640 2201 1683; x_wconf 88' lang='lat' dir='ltr'>interpretum</span> 
     </span>
     <span class='ocr_line' id='line_1_22' title="bbox 290 1706 2203 1753; baseline -0.002 -8"><span class='ocrx_word' id='word_1_249' title='bbox 290 1712 325 1745; x_wconf 93' lang='lat' dir='ltr'>in</span> <span class='ocrx_word' id='word_1_250' title='bbox 353 1718 431 1744; x_wconf 89' lang='lat' dir='ltr'>eam</span> <span class='ocrx_word' id='word_1_251' title='bbox 452 1707 580 1743; x_wconf 91' lang='lat' dir='ltr'>incidit</span> <span class='ocrx_word' id='word_1_252' title='bbox 603 1711 735 1751; x_wconf 85' lang='lat' dir='ltr'>praeter</span> <span class='ocrx_word' id='word_1_253' title='bbox 755 1706 993 1750; x_wconf 78' lang='lat' dir='ltr'>Frolichium,</span> <span class='ocrx_word' id='word_1_254' title='bbox 1019 1708 1231 1752; x_wconf 87' lang='lat' dir='ltr'>popularem</span> <span class='ocrx_word' id='word_1_255' title='bbox 1259 1718 1396 1753; x_wconf 74' lang='lat' dir='ltr'>meum,</span> <span class='ocrx_word' id='word_1_256' title='bbox 1419 1709 1480 1753; x_wconf 90' lang='lat' dir='ltr'>qui</span> <span class='ocrx_word' id='word_1_257' title='bbox 1504 1718 1621 1753; x_wconf 91' lang='lat' dir='ltr'>nuper</span> <span class='ocrx_word' id='word_1_258' title='bbox 1657 1707 1794 1743; x_wconf 78' lang='lat' dir='ltr'>Horatii</span> <span class='ocrx_word' id='word_1_259' title='bbox 1821 1709 1949 1742; x_wconf 89' lang='lat' dir='ltr'>satiras</span> <span class='ocrx_word' id='word_1_260' title='bbox 1973 1712 2007 1742; x_wconf 89' lang='lat' dir='ltr'>et</span> <span class='ocrx_word' id='word_1_261' title='bbox 2033 1707 2203 1752; x_wconf 84' lang='lat' dir='ltr'>epistolas</span> 
     </span>
     <span class='ocr_line' id='line_1_23' title="bbox 290 1775 1295 1825; baseline 0 -12"><span class='ocrx_word' id='word_1_262' title='bbox 290 1776 566 1825; x_wconf 85' lang='lat' dir='ltr'>elegantissimis</span> <span class='ocrx_word' id='word_1_263' title='bbox 589 1775 753 1811; x_wconf 90' lang='lat' dir='ltr'>versibus</span> <span class='ocrx_word' id='word_1_264' title='bbox 778 1776 815 1811; x_wconf 90' lang='lat' dir='ltr'>in</span> <span class='ocrx_word' id='word_1_265' title='bbox 844 1776 1089 1823; x_wconf 84' lang='lat' dir='ltr'>germanicum</span> <span class='ocrx_word' id='word_1_266' title='bbox 1111 1778 1295 1813; x_wconf 84' lang='lat' dir='ltr'>convertit.</span> 
     </span>
    </p>

    <p class='ocr_par' dir='ltr' id='par_1_5' title="bbox 285 1843 2205 2729">
     <span class='ocr_line' id='line_1_24' title="bbox 478 1843 2202 1890; baseline 0.001 -10"><span class='ocrx_word' id='word_1_267' title='bbox 478 1844 522 1881; x_wconf 91' lang='lat' dir='ltr'>Et</span> <span class='ocrx_word' id='word_1_268' title='bbox 568 1846 739 1890; x_wconf 91' lang='lat' dir='ltr'>quoniam</span> <span class='ocrx_word' id='word_1_269' title='bbox 784 1843 828 1880; x_wconf 85' lang='lat' dir='ltr'>de</span> <span class='ocrx_word' id='word_1_270' title='bbox 871 1845 926 1881; x_wconf 88' lang='lat' dir='ltr'>his</span> <span class='ocrx_word' id='word_1_271' title='bbox 971 1856 1052 1890; x_wconf 83' lang='lat' dir='ltr'>quae</span> <span class='ocrx_word' id='word_1_272' title='bbox 1099 1845 1151 1881; x_wconf 88' lang='lat' dir='ltr'>Te</span> <span class='ocrx_word' id='word_1_273' title='bbox 1185 1846 1272 1882; x_wconf 90' lang='lat' dir='ltr'>mihi</span> <span class='ocrx_word' id='word_1_274' title='bbox 1333 1856 1566 1883; x_wconf 87' lang='lat' dir='ltr'>assensurum</span> <span class='ocrx_word' id='word_1_275' title='bbox 1617 1856 1696 1881; x_wconf 83' lang='lat' dir='ltr'>esse</span> <span class='ocrx_word' id='word_1_276' title='bbox 1737 1845 1914 1881; x_wconf 82' lang='lat' dir='ltr'>confidam</span> <span class='ocrx_word' id='word_1_277' title='bbox 1956 1847 2202 1890; x_wconf 74' lang='lat' dir='ltr'>exposuimus,</span> 
     </span>
     <span class='ocr_line' id='line_1_25' title="bbox 288 1913 2197 1963; baseline 0.001 -12"><span class='ocrx_word' id='word_1_278' title='bbox 288 1916 472 1953; x_wconf 89' lang='lat' dir='ltr'>veniamus</span> <span class='ocrx_word' id='word_1_279' title='bbox 498 1913 543 1952; x_wconf 90' lang='lat' dir='ltr'>ad</span> <span class='ocrx_word' id='word_1_280' title='bbox 577 1913 816 1951; x_wconf 83' lang='lat' dir='ltr'>difficiliorem</span> <span class='ocrx_word' id='word_1_281' title='bbox 843 1916 1080 1961; x_wconf 77' lang='lat' dir='ltr'>quaestionem</span> <span class='ocrx_word' id='word_1_282' title='bbox 1110 1916 1228 1963; x_wconf 85' lang='lat' dir='ltr'>qualis</span> <span class='ocrx_word' id='word_1_283' title='bbox 1255 1916 1398 1954; x_wconf 85' lang='lat' dir='ltr'>tandem</span> <span class='ocrx_word' id='word_1_284' title='bbox 1426 1916 1533 1954; x_wconf 78' lang='lat' dir='ltr'>fuerit</span> <span class='ocrx_word' id='word_1_285' title='bbox 1556 1915 1685 1954; x_wconf 82' lang='lat' dir='ltr'>Vinius</span> <span class='ocrx_word' id='word_1_286' title='bbox 1717 1914 1852 1952; x_wconf 84' lang='lat' dir='ltr'>Asella.</span> <span class='ocrx_word' id='word_1_287' title='bbox 1907 1914 2025 1961; x_wconf 83' lang='lat' dir='ltr'>Quem</span> <span class='ocrx_word' id='word_1_288' title='bbox 2054 1915 2197 1962; x_wconf 86' lang='lat' dir='ltr'>quidem</span> 
     </span>
     <span class='ocr_line' id='line_1_26' title="bbox 289 1984 2198 2033; baseline 0 -12"><span class='ocrx_word' id='word_1_289' title='bbox 289 1995 399 2032; x_wconf 92' lang='lat' dir='ltr'>quum</span> <span class='ocrx_word' id='word_1_290' title='bbox 437 1995 581 2029; x_wconf 91' lang='lat' dir='ltr'>omnes,</span> <span class='ocrx_word' id='word_1_291' title='bbox 620 1984 716 2031; x_wconf 93' lang='lat' dir='ltr'>quod</span> <span class='ocrx_word' id='word_1_292' title='bbox 751 1985 885 2031; x_wconf 84' lang='lat' dir='ltr'>sciam,</span> <span class='ocrx_word' id='word_1_293' title='bbox 923 1987 1141 2032; x_wconf 83' lang='lat' dir='ltr'>interpretes</span> <span class='ocrx_word' id='word_1_294' title='bbox 1172 1988 1347 2023; x_wconf 90' lang='lat' dir='ltr'>rusticum</span> <span class='ocrx_word' id='word_1_295' title='bbox 1386 1986 1564 2033; x_wconf 89' lang='lat' dir='ltr'>quendam</span> <span class='ocrx_word' id='word_1_296' title='bbox 1601 1987 1785 2022; x_wconf 89' lang='lat' dir='ltr'>hominem</span> <span class='ocrx_word' id='word_1_297' title='bbox 1828 1986 1959 2022; x_wconf 89' lang='lat' dir='ltr'>ducant</span> <span class='ocrx_word' id='word_1_298' title='bbox 2002 1988 2062 2032; x_wconf 92' lang='lat' dir='ltr'>qui</span> <span class='ocrx_word' id='word_1_299' title='bbox 2095 1987 2198 2021; x_wconf 85' lang='lat' dir='ltr'>bonis</span> 
     </span>
     <span class='ocr_line' id='line_1_27' title="bbox 288 2055 2202 2102; baseline -0.001 -11"><span class='ocrx_word' id='word_1_300' title='bbox 288 2056 449 2092; x_wconf 87' lang='lat' dir='ltr'>moribus</span> <span class='ocrx_word' id='word_1_301' title='bbox 491 2055 555 2091; x_wconf 85' lang='lat' dir='ltr'>sed</span> <span class='ocrx_word' id='word_1_302' title='bbox 599 2056 794 2102; x_wconf 88' lang='lat' dir='ltr'>pinguiore</span> <span class='ocrx_word' id='word_1_303' title='bbox 829 2057 976 2102; x_wconf 86' lang='lat' dir='ltr'>ingenio</span> <span class='ocrx_word' id='word_1_304' title='bbox 1013 2056 1142 2101; x_wconf 84' lang='lat' dir='ltr'>fuerit,</span> <span class='ocrx_word' id='word_1_305' title='bbox 1185 2057 1239 2093; x_wconf 94' lang='lat' dir='ltr'>Tu</span> <span class='ocrx_word' id='word_1_306' title='bbox 1282 2067 1406 2093; x_wconf 91' lang='lat' dir='ltr'>censes</span> <span class='ocrx_word' id='word_1_307' title='bbox 1444 2058 1621 2102; x_wconf 87' lang='lat' dir='ltr'>hospitem</span> <span class='ocrx_word' id='word_1_308' title='bbox 1673 2062 1781 2102; x_wconf 87' lang='lat' dir='ltr'>atque</span> <span class='ocrx_word' id='word_1_309' title='bbox 1818 2056 2029 2092; x_wconf 78' lang='lat' dir='ltr'>familiarem</span> <span class='ocrx_word' id='word_1_310' title='bbox 2067 2055 2202 2091; x_wconf 83' lang='lat' dir='ltr'>Horatii</span> 
     </span>
     <span class='ocr_line' id='line_1_28' title="bbox 288 2125 2199 2172; baseline -0.001 -10"><span class='ocrx_word' id='word_1_311' title='bbox 288 2126 417 2169; x_wconf 80' lang='lat' dir='ltr'>ruisse,</span> <span class='ocrx_word' id='word_1_312' title='bbox 453 2126 612 2162; x_wconf 90' lang='lat' dir='ltr'>nobilem</span> <span class='ocrx_word' id='word_1_313' title='bbox 645 2126 800 2172; x_wconf 88' lang='lat' dir='ltr'>aliquem</span> <span class='ocrx_word' id='word_1_314' title='bbox 834 2131 868 2162; x_wconf 93' lang='lat' dir='ltr'>et</span> <span class='ocrx_word' id='word_1_315' title='bbox 898 2125 1120 2163; x_wconf 81' lang='lat' dir='ltr'>fortunatum</span> <span class='ocrx_word' id='word_1_316' title='bbox 1168 2128 1364 2164; x_wconf 83' lang='lat' dir='ltr'>hominem.</span> <span class='ocrx_word' id='word_1_317' title='bbox 1431 2126 1505 2163; x_wconf 93' lang='lat' dir='ltr'>Cur</span> <span class='ocrx_word' id='word_1_318' title='bbox 1536 2129 1583 2164; x_wconf 90' lang='lat' dir='ltr'>ita</span> <span class='ocrx_word' id='word_1_319' title='bbox 1613 2127 1738 2163; x_wconf 83' lang='lat' dir='ltr'>credas</span> <span class='ocrx_word' id='word_1_320' title='bbox 1773 2137 1845 2163; x_wconf 92' lang='lat' dir='ltr'>non</span> <span class='ocrx_word' id='word_1_321' title='bbox 1883 2126 1983 2162; x_wconf 76' lang='lat' dir='ltr'>video</span> <span class='ocrx_word' id='word_1_322' title='bbox 2010 2127 2077 2161; x_wconf 90' lang='lat' dir='ltr'>nisi</span> <span class='ocrx_word' id='word_1_323' title='bbox 2102 2125 2199 2170; x_wconf 89' lang='lat' dir='ltr'>quod</span> 
     </span>
     <span class='ocr_line' id='line_1_29' title="bbox 287 2193 2199 2245; baseline -0.001 -14"><span class='ocrx_word' id='word_1_324' title='bbox 287 2193 517 2231; x_wconf 84' lang='lat' dir='ltr'>manifestum</span> <span class='ocrx_word' id='word_1_325' title='bbox 542 2196 591 2231; x_wconf 90' lang='lat' dir='ltr'>sit</span> <span class='ocrx_word' id='word_1_326' title='bbox 616 2196 738 2231; x_wconf 90' lang='lat' dir='ltr'>nuncii</span> <span class='ocrx_word' id='word_1_327' title='bbox 759 2196 804 2232; x_wconf 88' lang='lat' dir='ltr'>ab</span> <span class='ocrx_word' id='word_1_328' title='bbox 832 2195 979 2232; x_wconf 87' lang='lat' dir='ltr'>Horatio</span> <span class='ocrx_word' id='word_1_329' title='bbox 1011 2197 1112 2233; x_wconf 85' lang='lat' dir='ltr'>missi</span> <span class='ocrx_word' id='word_1_330' title='bbox 1148 2196 1291 2234; x_wconf 80' lang='lat' dir='ltr'>facilem</span> <span class='ocrx_word' id='word_1_331' title='bbox 1325 2197 1369 2234; x_wconf 92' lang='lat' dir='ltr'>ad</span> <span class='ocrx_word' id='word_1_332' title='bbox 1404 2197 1605 2245; x_wconf 84' lang='lat' dir='ltr'>Augustum</span> <span class='ocrx_word' id='word_1_333' title='bbox 1650 2205 1728 2233; x_wconf 88' lang='lat' dir='ltr'>esse</span> <span class='ocrx_word' id='word_1_334' title='bbox 1765 2196 1911 2232; x_wconf 89' lang='lat' dir='ltr'>aditum.</span> <span class='ocrx_word' id='word_1_335' title='bbox 1981 2195 2023 2231; x_wconf 85' lang='lat' dir='ltr'>At</span> <span class='ocrx_word' id='word_1_336' title='bbox 2050 2199 2199 2241; x_wconf 85' lang='lat' dir='ltr'>propter</span> 
     </span>
     <span class='ocr_line' id='line_1_30' title="bbox 287 2264 2202 2311; baseline -0.001 -12"><span class='ocrx_word' id='word_1_337' title='bbox 287 2264 512 2299; x_wconf 87' lang='lat' dir='ltr'>clementiam</span> <span class='ocrx_word' id='word_1_338' title='bbox 536 2264 814 2309; x_wconf 86' lang='lat' dir='ltr'>civilitatemque</span> <span class='ocrx_word' id='word_1_339' title='bbox 847 2273 953 2309; x_wconf 90' lang='lat' dir='ltr'>quam</span> <span class='ocrx_word' id='word_1_340' title='bbox 989 2264 1185 2301; x_wconf 84' lang='lat' dir='ltr'>Suetonius</span> <span class='ocrx_word' id='word_1_341' title='bbox 1211 2270 1263 2306; x_wconf 76' lang='lat' dir='ltr'>(c.</span> <span class='ocrx_word' id='word_1_342' title='bbox 1301 2267 1342 2302; x_wconf 78' lang='lat'>5¹.</span> <span class='ocrx_word' id='word_1_343' title='bbox 1375 2272 1408 2302; x_wconf 92' lang='lat' dir='ltr'>et</span> <span class='ocrx_word' id='word_1_344' title='bbox 1435 2267 1614 2305; x_wconf 70' lang='lat'><strong>72—85)</strong></span> <span class='ocrx_word' id='word_1_345' title='bbox 1636 2267 1671 2301; x_wconf 93' lang='lat' dir='ltr'>in</span> <span class='ocrx_word' id='word_1_346' title='bbox 1704 2266 1867 2311; x_wconf 83' lang='lat' dir='ltr'>Augusto</span> <span class='ocrx_word' id='word_1_347' title='bbox 1895 2265 2004 2299; x_wconf 82' lang='lat' dir='ltr'>fuisse</span> <span class='ocrx_word' id='word_1_348' title='bbox 2031 2264 2202 2308; x_wconf 81' lang='lat' dir='ltr'>praedicat</span> 
     </span>
     <span class='ocr_line' id='line_1_31' title="bbox 286 2332 2202 2381; baseline 0 -12"><span class='ocrx_word' id='word_1_349' title='bbox 286 2332 392 2369; x_wconf 81' lang='lat' dir='ltr'>facile</span> <span class='ocrx_word' id='word_1_350' title='bbox 433 2333 641 2379; x_wconf 85' lang='lat' dir='ltr'>conjectura</span> <span class='ocrx_word' id='word_1_351' title='bbox 684 2336 830 2381; x_wconf 87' lang='lat' dir='ltr'>assequi</span> <span class='ocrx_word' id='word_1_352' title='bbox 873 2344 1066 2381; x_wconf 91' lang='lat' dir='ltr'>possumus</span> <span class='ocrx_word' id='word_1_353' title='bbox 1112 2345 1193 2372; x_wconf 85' lang='lat' dir='ltr'>eum</span> <span class='ocrx_word' id='word_1_354' title='bbox 1242 2336 1495 2372; x_wconf 87' lang='lat' dir='ltr'>liberalissime</span> <span class='ocrx_word' id='word_1_355' title='bbox 1539 2337 1649 2372; x_wconf 90' lang='lat' dir='ltr'>cuivis</span> <span class='ocrx_word' id='word_1_356' title='bbox 1692 2337 1832 2381; x_wconf 89' lang='lat' dir='ltr'>copiam</span> <span class='ocrx_word' id='word_1_357' title='bbox 1879 2335 1935 2370; x_wconf 90' lang='lat' dir='ltr'>sui</span> <span class='ocrx_word' id='word_1_358' title='bbox 1985 2334 2202 2379; x_wconf 82' lang='lat' dir='ltr'>praebuisse,</span> 
     </span>
     <span class='ocr_line' id='line_1_32' title="bbox 285 2402 2199 2449; baseline 0.001 -12"><span class='ocrx_word' id='word_1_359' title='bbox 285 2403 483 2448; x_wconf 81' lang='lat' dir='ltr'>praesertim</span> <span class='ocrx_word' id='word_1_360' title='bbox 523 2404 555 2439; x_wconf 93' lang='lat' dir='ltr'>si</span> <span class='ocrx_word' id='word_1_361' title='bbox 588 2406 670 2449; x_wconf 89' lang='lat' dir='ltr'>quis</span> <span class='ocrx_word' id='word_1_362' title='bbox 707 2405 751 2440; x_wconf 86' lang='lat' dir='ltr'>ab</span> <span class='ocrx_word' id='word_1_363' title='bbox 789 2405 905 2441; x_wconf 91' lang='lat' dir='ltr'>amico</span> <span class='ocrx_word' id='word_1_364' title='bbox 947 2404 1103 2449; x_wconf 85' lang='lat' dir='ltr'>quodam</span> <span class='ocrx_word' id='word_1_365' title='bbox 1140 2406 1292 2441; x_wconf 84' lang='lat' dir='ltr'>missum</span> <span class='ocrx_word' id='word_1_366' title='bbox 1329 2415 1410 2441; x_wconf 87' lang='lat' dir='ltr'>esse</span> <span class='ocrx_word' id='word_1_367' title='bbox 1449 2416 1487 2441; x_wconf 91' lang='lat' dir='ltr'>se</span> <span class='ocrx_word' id='word_1_368' title='bbox 1529 2405 1672 2441; x_wconf 80' lang='lat' dir='ltr'>dixerit.</span> <span class='ocrx_word' id='word_1_369' title='bbox 1735 2402 1808 2439; x_wconf 91' lang='lat' dir='ltr'>Cur</span> <span class='ocrx_word' id='word_1_370' title='bbox 1841 2409 1957 2439; x_wconf 83' lang='lat' dir='ltr'>autem</span> <span class='ocrx_word' id='word_1_371' title='bbox 1993 2403 2060 2438; x_wconf 89' lang='lat' dir='ltr'>hac</span> <span class='ocrx_word' id='word_1_372' title='bbox 2096 2404 2132 2438; x_wconf 91' lang='lat' dir='ltr'>in</span> <span class='ocrx_word' id='word_1_373' title='bbox 2162 2414 2199 2438; x_wconf 93' lang='lat' dir='ltr'>re</span> 
     </span>
     <span class='ocr_line' id='line_1_33' title="bbox 286 2473 2204 2521; baseline 0.002 -13"><span class='ocrx_word' id='word_1_374' title='bbox 286 2481 437 2518; x_wconf 88' lang='lat' dir='ltr'>prorsus</span> <span class='ocrx_word' id='word_1_375' title='bbox 475 2484 495 2510; x_wconf 86' lang='lat' dir='ltr'>a</span> <span class='ocrx_word' id='word_1_376' title='bbox 528 2473 579 2510; x_wconf 91' lang='lat' dir='ltr'>Te</span> <span class='ocrx_word' id='word_1_377' title='bbox 619 2474 906 2511; x_wconf 86' lang='lat' dir='ltr'>dissentiendum</span> <span class='ocrx_word' id='word_1_378' title='bbox 945 2484 1024 2510; x_wconf 86' lang='lat' dir='ltr'>esse</span> <span class='ocrx_word' id='word_1_379' title='bbox 1065 2475 1265 2511; x_wconf 80' lang='lat' dir='ltr'>existimem</span> <span class='ocrx_word' id='word_1_380' title='bbox 1295 2476 1371 2521; x_wconf 86' lang='lat' dir='ltr'>jam</span> <span class='ocrx_word' id='word_1_381' title='bbox 1426 2477 1551 2521; x_wconf 90' lang='lat' dir='ltr'>paucis</span> <span class='ocrx_word' id='word_1_382' title='bbox 1593 2473 1789 2511; x_wconf 80' lang='lat' dir='ltr'>ostendam.</span> <span class='ocrx_word' id='word_1_383' title='bbox 1854 2473 2001 2509; x_wconf 82' lang='lat' dir='ltr'>Etiamsi</span> <span class='ocrx_word' id='word_1_384' title='bbox 2041 2474 2204 2511; x_wconf 73' lang='lat' dir='ltr'>festivam</span> 
     </span>
     <span class='ocr_line' id='line_1_34' title="bbox 286 2541 2205 2590; baseline 0.003 -14"><span class='ocrx_word' id='word_1_385' title='bbox 286 2541 384 2577; x_wconf 91' lang='lat' dir='ltr'>illam</span> <span class='ocrx_word' id='word_1_386' title='bbox 411 2541 569 2579; x_wconf 89' lang='lat' dir='ltr'>hominis</span> <span class='ocrx_word' id='word_1_387' title='bbox 598 2553 679 2579; x_wconf 88' lang='lat' dir='ltr'>cum</span> <span class='ocrx_word' id='word_1_388' title='bbox 712 2544 816 2580; x_wconf 91' lang='lat' dir='ltr'>asino</span> <span class='ocrx_word' id='word_1_389' title='bbox 842 2545 1166 2590; x_wconf 83' lang='lat' dir='ltr'>comparationem,</span> <span class='ocrx_word' id='word_1_390' title='bbox 1203 2554 1275 2590; x_wconf 86' lang='lat' dir='ltr'>qua</span> <span class='ocrx_word' id='word_1_391' title='bbox 1308 2544 1401 2579; x_wconf 82' lang='lat' dir='ltr'>ludit</span> <span class='ocrx_word' id='word_1_392' title='bbox 1426 2543 1574 2580; x_wconf 85' lang='lat' dir='ltr'>Vinium</span> <span class='ocrx_word' id='word_1_393' title='bbox 1601 2543 1792 2587; x_wconf 82' lang='lat' dir='ltr'>Horatius,</span> <span class='ocrx_word' id='word_1_394' title='bbox 1829 2542 1905 2578; x_wconf 85' lang='lat' dir='ltr'>fieri</span> <span class='ocrx_word' id='word_1_395' title='bbox 1928 2544 2092 2588; x_wconf 91' lang='lat' dir='ltr'>potuisse</span> <span class='ocrx_word' id='word_1_396' title='bbox 2122 2543 2205 2581; x_wconf 87' lang='lat' dir='ltr'>Tibi</span> 
     </span>
     <span class='ocr_line' id='line_1_35' title="bbox 285 2610 2205 2660; baseline 0.002 -13"><span class='ocrx_word' id='word_1_397' title='bbox 285 2610 481 2648; x_wconf 87' lang='lat' dir='ltr'>concedam</span> <span class='ocrx_word' id='word_1_398' title='bbox 527 2614 563 2649; x_wconf 91' lang='lat' dir='ltr'>in</span> <span class='ocrx_word' id='word_1_399' title='bbox 607 2615 723 2650; x_wconf 87' lang='lat' dir='ltr'>amico</span> <span class='ocrx_word' id='word_1_400' title='bbox 767 2614 924 2660; x_wconf 88' lang='lat' dir='ltr'>quodam</span> <span class='ocrx_word' id='word_1_401' title='bbox 972 2618 1005 2650; x_wconf 85' lang='lat' dir='ltr'>et</span> <span class='ocrx_word' id='word_1_402' title='bbox 1054 2614 1170 2650; x_wconf 74' lang='lat' dir='ltr'>nobili</span> <span class='ocrx_word' id='word_1_403' title='bbox 1207 2615 1351 2651; x_wconf 87' lang='lat' dir='ltr'>homine</span> <span class='ocrx_word' id='word_1_404' title='bbox 1393 2619 1497 2659; x_wconf 87' lang='lat' dir='ltr'>atque</span> <span class='ocrx_word' id='word_1_405' title='bbox 1533 2614 1621 2649; x_wconf 88' lang='lat' dir='ltr'>adeo</span> <span class='ocrx_word' id='word_1_406' title='bbox 1660 2614 1696 2648; x_wconf 95' lang='lat' dir='ltr'>in</span> <span class='ocrx_word' id='word_1_407' title='bbox 1736 2614 1797 2649; x_wconf 88' lang='lat' dir='ltr'>tali</span> <span class='ocrx_word' id='word_1_408' title='bbox 1837 2613 2043 2649; x_wconf 76' lang='lat' dir='ltr'>facetiorem</span> <span class='ocrx_word' id='word_1_409' title='bbox 2079 2614 2205 2658; x_wconf 84' lang='lat' dir='ltr'>fuisse,</span> 
     </span>
     <span class='ocr_line' id='line_1_36' title="bbox 286 2681 2200 2729; baseline 0.003 -14"><span class='ocrx_word' id='word_1_410' title='bbox 286 2689 471 2725; x_wconf 88' lang='lat' dir='ltr'>nunquam</span> <span class='ocrx_word' id='word_1_411' title='bbox 500 2684 618 2718; x_wconf 86' lang='lat' dir='ltr'>tamen</span> <span class='ocrx_word' id='word_1_412' title='bbox 653 2683 757 2719; x_wconf 90' lang='lat' dir='ltr'>nobis</span> <span class='ocrx_word' id='word_1_413' title='bbox 792 2682 1027 2729; x_wconf 82' lang='lat' dir='ltr'>persuadebis</span> <span class='ocrx_word' id='word_1_414' title='bbox 1058 2693 1090 2719; x_wconf 89' lang='lat' dir='ltr'>v.</span> <span class='ocrx_word' id='word_1_415' title='bbox 1129 2683 1151 2719; x_wconf 84' lang='lat'><em>4</em></span> <span class='ocrx_word' id='word_1_416' title='bbox 1189 2687 1224 2719; x_wconf 91' lang='lat' dir='ltr'>et</span> <span class='ocrx_word' id='word_1_417' title='bbox 1263 2684 1305 2725; x_wconf 86' lang='lat'>5,</span> <span class='ocrx_word' id='word_1_418' title='bbox 1342 2693 1373 2718; x_wconf 74' lang='lat' dir='ltr'>V.</span> <span class='ocrx_word' id='word_1_419' title='bbox 1415 2682 1456 2726; x_wconf 93' lang='grc'>8,</span> <span class='ocrx_word' id='word_1_420' title='bbox 1495 2692 1525 2718; x_wconf 89' lang='lat' dir='ltr'>v.</span> <span class='ocrx_word' id='word_1_421' title='bbox 1561 2681 1624 2726; x_wconf 91' lang='lat'>10,</span> <span class='ocrx_word' id='word_1_422' title='bbox 1666 2681 1807 2727; x_wconf 88' lang='lat' dir='ltr'>qualem</span> <span class='ocrx_word' id='word_1_423' title='bbox 1845 2683 1923 2718; x_wconf 92' lang='lat' dir='ltr'>sine</span> <span class='ocrx_word' id='word_1_424' title='bbox 1963 2682 2075 2719; x_wconf 92' lang='lat' dir='ltr'>dubio</span> <span class='ocrx_word' id='word_1_425' title='bbox 2108 2690 2200 2720; x_wconf 89' lang='lat' dir='ltr'>recte</span> 
     </span>
    </p>
   </div>
   <div class='ocr_carea' id='block_1_5' title="bbox 285 2750 2202 2838">
    <p class='ocr_par' dir='ltr' id='par_1_6' title="bbox 285 2750 2202 2838">
     <span class='ocr_line' id='line_1_37' title="bbox 285 2750 2202 2798; baseline 0.003 -14"><span class='ocrx_word' id='word_1_426' title='bbox 285 2750 508 2795; x_wconf 88' lang='lat' dir='ltr'>interpretati</span> <span class='ocrx_word' id='word_1_427' title='bbox 546 2761 693 2796; x_wconf 88' lang='lat' dir='ltr'>sumus,</span> <span class='ocrx_word' id='word_1_428' title='bbox 732 2762 764 2787; x_wconf 78' lang='lat' dir='ltr'>v.</span> <span class='ocrx_word' id='word_1_429' title='bbox 801 2753 988 2798; x_wconf 78' lang='grc'><strong>12-15,</strong></span> <span class='ocrx_word' id='word_1_430' title='bbox 1027 2762 1057 2787; x_wconf 82' lang='lat' dir='ltr'>v.</span> <span class='ocrx_word' id='word_1_431' title='bbox 1092 2754 1136 2788; x_wconf 84' lang='lat'>19</span> <span class='ocrx_word' id='word_1_432' title='bbox 1179 2751 1222 2787; x_wconf 87' lang='lat' dir='ltr'>ad</span> <span class='ocrx_word' id='word_1_433' title='bbox 1258 2752 1367 2788; x_wconf 90' lang='lat' dir='ltr'>alium</span> <span class='ocrx_word' id='word_1_434' title='bbox 1410 2760 1624 2795; x_wconf 83' lang='lat' dir='ltr'>quemquam</span> <span class='ocrx_word' id='word_1_435' title='bbox 1668 2751 1777 2786; x_wconf 77' lang='lat' dir='ltr'>scribi</span> <span class='ocrx_word' id='word_1_436' title='bbox 1817 2752 2003 2796; x_wconf 84' lang='lat' dir='ltr'>potuisse,</span> <span class='ocrx_word' id='word_1_437' title='bbox 2048 2755 2117 2789; x_wconf 93' lang='lat' dir='ltr'>nisi</span> <span class='ocrx_word' id='word_1_438' title='bbox 2158 2755 2202 2789; x_wconf 86' lang='lat' dir='ltr'>ad</span> 
     </span>
     <span class='ocr_line' id='line_1_38' title="bbox 1960 2813 1978 2838; baseline 0 0"><span class='ocrx_word' id='word_1_439' title='bbox 1960 2813 1978 2838; x_wconf 71' lang='lat' dir='ltr'>s</span> 
     </span>
    </p>
   </div>
  </div>
 </body>
</html>
