2585 3173
1167 165 1411 251 mae

319 361 377 387 me
413 359 614 395 omnesque
651 350 792 386 Horatii
827 354 1008 386 amatores
1047 348 1165 385 Tuam
1198 349 1447 395 Epistularum
1490 347 1688 385 editionem
1731 356 1800 394 per
1834 351 1951 384 totum
1985 337 2070 384 'rere
2114 353 2252 384 anunm

319 425 551 465 exspectasse
588 425 651 455 ant
687 429 760 464 qua
798 418 1013 464 cupiditate,
1039 402 1174 453 librum
1213 418 1358 454 tandem
1403 406 1629 464 publicatum
1665 416 1928 462 percurrisse?
1988 415 2035 451 At
2076 414 2259 463 magnum*

318 487 540 525 desiderium
576 492 610 524 et
640 496 812 536 magnam
850 485 1086 534 cupiditatem
1124 486 1244 533 major
1278 487 1386 524 etiam
1415 485 1558 534 excepit
1594 483 1800 522 admiratio.
1864 482 2115 531 Equidemex
2148 482 2249 521 nulla

318 567 480 601 unquam
509 558 731 601 scriptorum
767 562 928 592 veterum
959 556 1258 599 interpretatione
1291 566 1350 591 me
1381 556 1465 600 plus
1499 555 1749 590 delectationis
1774 554 1921 588 memini
1945 559 2009 589 aut
2033 553 2249 589 eruditionis

317 625 478 662 haurire.
543 623 594 662 Ac
625 625 786 672 primum
822 622 969 672 quidem
1000 621 1100 670 quod
1132 617 1494 662 convertisti'Flacci
1525 621 1700 670 epistolas
1733 630 1754 659 e
1778 614 1901 660 latino'
1920 622 1959 660 in
1984 623 2248 671 germanicum,

317 704 538 739 quamquam
566 704 783 739 persuasum
814 695 931 729 babeo
964 704 1046 735 eum
1077 695 1295 737 scriptorem
1320 698 1459 729 mutato
1491 701 1662 728 versuum
1693 700 1828 737 genere
1851 691 1982 726 melius
2008 696 2117 736 atque
2141 702 2247 728 accu-

315 764 429 801 ratius
452 764 554 812 verti‚
580 769 700 802 tamen
727 762 839 801 laudo
866 763 1083 811 elegantiam
1102 769 1138 801 et
1161 761 1371 801 facilitatem
1398 763 1578 801 sermonis
1606 761 1690 807 Tui,
1716 771 1825 808 quam
1849 762 2069 809 germanicis
2097 762 2245 809 quidem

316 834 481 868 versibus
520 833 741 868 hexametris
788 836 1041 868 assecuturum
1080 841 1161 868 esse
1203 840 1423 877 quemquam
1457 830 1582 877 paullo
1620 834 1703 867 ante
1734 830 1794 867 vix
1838 833 2002 876 poteram
2037 829 2171 868 adduci
2207 836 2247 869 ut

316 902 521 936 crederem:
551 903 675 937 nullus
701 912 772 946 ego
790 902 945 951 „quidem
972 902 1099 935 dubito
1126 903 1214 943 quin
1249 903 1316 935 hac
1341 903 1379 934 in
1406 910 1445 934 re
1468 909 1595 934 omnes
1621 902 1686 943 qui
1711 905 1795 933 ante
1813 900 1867 934 Te
1889 900 2028 934 Horatii
2055 910 2243 936 sermones

314 968 523 1017 germanice
545 967 789 1005 reddiderunt
817 968 1036 1006 hexametris
1067 967 1179 1017 longe
1209 967 1454 1015 superaveris.
1483 977 1487 1001 1
1528 953 1664 1006 Verum
1698 970 1754 1004 est
1787 966 1977 1006 immixtis·
1992 967 2163 1007 trochaeis
2197 968 2242 1006 de

313 1039 514 1073 hexametri
542 1039 718 1084 gravitate
744 1041 859 1082 atque·
882 1038 1070 1082 majestate
1094 1037 1147 1072 Te
1171 1037 1375 1082 paullulum
1401 1036 1627 1072 detraxisse:
1667 1035 1731 1071 sed
1757 1036 1917 1071 admissa
1940 1037 2021 1081 ipsa
2046 1037 2114 1073 bac
2138 1042 2241 1085 grata

315 1106 560 1154 negligentia,
602 1117 684 1152 quae
714 1106 787 1142 dici
818 1107 877 1143 vix
907 1112 1028 1152 potest
1061 1111 1236 1152 quantum
1267 1107 1383 1142 valeat
1418 1106 1464 1142 ad
1492 1106 1670 1142 orationis
1698 1107 1907 1141 tenuitatem
1933 1111 2042 1151 atque
2068 1108 2243 1153 simplici·

314 1179 436 1221 tatem,
463 1176 592 1212 melius
620 1175 761 1211 Horatii
787 1175 1004 1223 elegantiam
1028 1179 1136 1220 atque
1161 1174 1403 1217 urbanitatem
1429 1175 1590 1211 imitatus
1618 1183 1671 1221 es,
1697 1180 1805 1220 quam
1832 1174 1895 1220 qui
1918 1168 2111 1221 perpensis
2136 1159 2243 1222 qu—asi

312 1246 350 1279 in
374 1246 510 1280 trutina
533 1246 687 1291 syllabis
711 1255 841 1291 magna
859 1255 991 1281 sonare
1016 1245 1222 1280 votuerunt.
1261 1242 1372 1288 Quod
1398 1249 1517 1280 autem
1540 1244 1781 1289 epistolarum
1807 1244 1925 1288 capita
1943 1245 1992 1279 ita
2014 1244 2242 1290 descripsisti

312 1319 351 1350 ut
386 1314 496 1350 simul
531 1313 618 1360 quid
657 1314 864 1362 argumenti
909 1314 1068 1351 habeant
1103 1318 1139 1350 et
1175 1313 1362 1359 quomodo
1408 1313 1570 1350 membra
1618 1314 1795 1350 orationis
1832 1304 2039 1351 eolraereant
2071 1315 2166 1351 inter
2204 1326 2243 1352 se

311 1384 528 1429 plerumque
554 1385 643 1419 satis
669 1388 865 1429 appareat,
893 1392 967 1417 non
996 1383 1118 1418 solum
1143 1383 1390 1430 ludimagistri
1414 1384 1569 1430 gratiam
1597 1381 1681 1419 Tibi
1707 1381 1863 1435 debent,
1888 1382 1953 1419 sed
1979 1392 2054 1429 quo
2080 1384 2241 1430 plurium

311 1454 454 1490 animos
482 1452 574 1489 falsa
600 1453 663 1489 illa
687 1457 795 1498 atque
821 1452 977 1490 ridicula
1002 1452 1122 1489 adbuc
1157 1454 1317 1498 pervasit
1342 1453 1490 1498 opinio,
1522 1457 1651 1499 poetas
1683 1462 1757 1488 non
1788 1452 1918 1489 iisdem
1944 1452 2072 1500 logicae
2098 1454 2241 1501 legibus

311 1523 445 1568 quihus
467 1527 605 1559 ceteros
628 1522 796 1558 homines
826 1523 960 1569 teneri,
1000 1531 1044 1557 eo
1069 1522 1245 1567 majorem
1276 1521 1360 1559 Tibi
1387 1522 1543 1569 gratiam
1568 1521 1877 1567 prudentissimus
1898 1522 2057 1568 quisque
2080 1522 2239 1560 habebit.

311 1592 402 1627 Nam
429 1596 464 1627 et
487 1591 619 1627 diserte
645 1593 781 1636 saepius
816 1591 990 1627 monuisti
1015 1596 1050 1627 et
1076 1589 1401 1638 'argumentatione
1428 1590 1504 1626 scre
1531 1590 1668 1636 ubique
1693 1589 1886 1627 ostendisti
1913 1595 2051 1627 tantum
2077 1591 2239 1628 abmisse

310 1665 351 1696 nt
384 1659 557 1696 Horatius
596 1661 782 1696 communi
817 1670 928 1697 sensu
961 1665 1120 1708 careret,
1172 1664 1211 1695 ut
1255 1669 1361 1696 nemo
1399 1669 1560 1706 unquam
1598 1669 1641 1697 eo
1681 1659 1827 1707 planius
1866 1664 1974 1706 atque
2009 1660 2239 1698 ‘emendatius

310 1731 511 1774 scripserit.
577 1729 651 1765 Iam
684 1738 769 1765 veno
804 1717 1073 1774 qnidluminis
1105 1730 1306 1766 innumeris
1339 1738 1456 1774 prope
1486 1729 1578 1765 locis
1612 1729 1770 1776 singulis
1803 1730 2055 1774 interpretatio
2079 1731 2239 1766 attulerit

311 1797 402 1842 Tua,
430 1797 579 1834 credere
605 1807 712 1833 nemo
738 1800 872 1843 poterit
893 1799 963 1841 nisi
989 1799 1051 1845 qui
1077 1803 1191 1834 totum
1215 1797 1336 1834 Tuum
1359 1798 1495 1835 librum
1518 1798 1759 1835 attentissime
1782 1798 1924 1845 legerit.
1977 1797 2067 1835 Nam
2093 1807 2137 1835 ex
2163 1807 2236 1844 quo

309 1867 378 1901 Th.
412 1865 640 1909 Schmidius,
684 1867 739 1901 vir
771 1868 933 1902 omnium
964 1867 1074 1914 longe
1117 1865 1410 1910 eruditissimus,
1445 1865 1587 1903 Horatii
1620 1866 1795 1912 epistolas
1820 1865 1997 1902 docti-ime
2029 1876 2105 1902 suae
2132 1868 2237 1913 copia

308 1934 490 1981 pertudit,
526 1935 807 1973 desiderabatur
832 1937 894 1982 qui
927 1937 1064 1984 ingenii
1098 1938 1267 1973 acumine
1300 1942 1335 1973 et
1371 1937 1498 1973 subtili
1527 1936 1669 1982 judicio
1696 1935 1872 1982 praeditus
1903 1935 1949 1972 ad
1975 1937 2092 1982 ipsius
2117 1942 2236 1982 poetae

308 2005 471 2040 intimam
498 2005 604 2049 quasi
630 2005 888 2052 cogitationem
913 2006 1116 2050 perveniret
1151 2009 1259 2050 atque
1292 2004 1433 2042 occulta
1465 2005 1545 2052 ejus
1580 2003 1735 2041 consilia
1765 2007 2070 2052 perscrutaretur.
2135 2003 2237 2042 Talis

307 2076 487 2119 interpres
515 2074 591 2116 Tu,
626 2075 693 2109 Vir
718 2075 950 2118 clarissime,
983 2077 1131 2111 extitisti
1155 2077 1309 2120 primus.
1716 2120 1724 2123 j

502 2141 573 2181 Sed
605 2143 726 2180 laudis
758 2144 848 2181 nihil
877 2144 1023 2193 indiget
1054 2145 1376 2190 praestantissimus
1409 2144 1512 2182 Tuus
1538 2144 1655 2189 liber3
1690 2145 1808 2191 ipsius
1834 2144 1913 2191 ejus
1939 2143 2078 2182 tructus
2103 2144 2237 2191 ubique

306 2218 413 2247 erunt
450 2214 648 2255 uberrimi,
693 2223 849 2257 quorum
889 2214 987 2248 haud
1031 2214 1202 2248 minimus
1240 2214 1299 2248 hic
1345 2213 1454 2249 fuerit
1500 2213 1600 2259 quod
1635 2214 1847 2259 quicunque
1888 2215 2163 2251 conversionem
2203 2218 2238 2250 et

305 2282 563 2319 annotationes
595 2271 696 2319 Tuas
734 2282 863 2329 legerit
896 2292 940 2319 eo
970 2283 1092 2319 acrius
1124 2282 1262 2319 Horatii
1295 2293 1483 2320 sermones
1514 2283 1722 2329 intelligere
1752 2282 1923 2319 studebit.
1989 2283 2081 2322 Nam
2109 2293 2236 2319 omnes

304 2351 406 2386 locos
443 2349 611 2386 difficiles
646 2351 718 2387 iam
753 2351 842 2387 satis
874 2350 1066 2397 expeditos
1098 2360 1180 2387 esse
1211 2361 1258 2387 ne
1291 2351 1348 2388 Tu
1387 2351 1536 2399 quidem
1568 2352 1709 2398 poteris
1737 2350 1946 2389 affirmare:
1985 2351 2091 2389 multi
2117 2351 2237 2389 adhuc

304 2420 486 2455 medicina
520 2424 582 2454 aut
611 2429 656 2455 ex
689 2420 794 2456 libris
832 2421 1094 2464 manuscriptis
1132 2426 1195 2455 aut
1232 2430 1276 2455 ex
1312 2419 1730 2464 conjecturis-petenda
1767 2425 1897 2466 egent,
1928 2421 2072 2455 <multos
2113 2420 2238 2455 licebit

303 2485 447 2523 facilius
477 2490 587 2532 atque
612 2486 815 2534 elegantius
848 2488 1096 2533 interpretari.
1135 2488 1191 2540 vEt
1214 2499 1283 2536 ego
1309 2489 1474 2535 quidem,
1501 2498 1612 2534 quum
1643 2498 1712 2534 per
1735 2488 1802 2525 hos
1826 2497 1970 2525 menses
1996 2489 2171 2525 hibernos
2196 2489 2233 2525 in

302 2557 421 2602 prima
444 2556 630 2603 gymnasii
656 2556 770 2591 nostri
796 2556 913 2593 classe
937 2556 1185 2603 Epistolarum
1212 2557 1492 2595 Horatianarum
1515 2557 1649 2594 librum
1678 2557 1839 2604 priorem
1866 2561 2058 2594 tractarem
2090 2561 2125 2594 et
2152 2565 2234 2593 cum

302 2625 510 2672 discipulis
530 2635 575 2661 ex
597 2625 733 2671 quibus
760 2626 930 2662 nonnulli
956 2631 991 2662 et
1016 2628 1167 2674 ingenio
1191 2627 1420 2664 abundarent
1442 2632 1477 2664 et
1498 2637 1677 2664 summam
1701 2627 1927 2673 diligentiam
1953 2631 2062 2671 atque
2083 2635 2233 2672 operam

302 2695 339 2730 in
372 2693 518 2731 scholas
555 2692 787 2738 conferrent,
828 2693 873 2731 de
899 2695 1021 2733 multis
1045 2696 1141 2732 locis
1163 2695 1431 2732 difficilioribus
1457 2706 1567 2743 quam
1594 2696 1866 2733 accuratissime
1891 2695 2157 2743 disceptarem:
2195 2700 2234 2731 ut

303 2762 384 2799 Tuo
421 2773 568 2809 semper
602 2765 760 2801 maxime
789 2766 932 2802 nitebar
962 2766 1076 2812 libro,
1121 2767 1172 2803 ita
1210 2765 1307 2802 haud
1347 2775 1464 2812 pauca
1491 2754 1723 2803 inveniebam
1759 2764 1805 2802 de
1839 2767 1972 2812 quibus
2004 2775 2026 2803 a
2057 2763 2111 2801 Te
2142 2764 2232 2802 mibi
