2585 3173
1153 206 1395 291 mssssm

308 396 414 434 atque
441 391 606 424 virtutem
634 390 864 434 posuissent,
894 398 1016 423 nonne
1044 390 1088 424 iis
1114 390 1256 434 lapides
1280 391 1333 425 vel
1358 401 1445 426 saxa
1475 392 1613 436 quippe
1638 401 1719 436 quae
1748 391 1859 426 nullis
1885 391 2144 436 cupiditatibus
2170 397 2232 427 aut

307 460 497 495 timoribus
525 459 847 504 perturbarentur,
874 457 1015 492 virtutis
1046 457 1154 493 laude
1192 460 1347 495 maxime
1374 459 1483 507 digna
1510 466 1630 496 essent
1658 457 1762 496 visa?
1813 459 1983 496 Horatius
2010 470 2093 496 vero
2120 470 2230 506 quum

305 528 350 563 de
382 530 510 563 virtute
545 528 708 572 loquitur
735 537 778 562 ne
810 528 945 573 cogitat
975 527 1122 571 quidem
1158 527 1203 563 de
1238 529 1301 563 illa
1333 528 1539 564 Stoicorum
1573 531 1703 565 virtute
1727 529 1870 575 qualem
1897 530 1968 565 sibi
1995 531 2032 565 in
2066 531 2230 574 sapiente

304 608 372 634 suo
408 598 616 644 lingebant:
658 607 739 641 quae
775 597 946 641 quoniam
979 597 1015 631 in
1049 598 1192 633 mortali
1227 598 1373 642 quidem
1401 599 1547 634 homine
1581 608 1699 643 neque
1721 598 1789 634 fuit
1815 609 1974 644 unquam
2001 609 2117 644 neque
2150 610 2230 635 esse

303 672 437 713 potest,
462 668 494 703 ei
517 666 657 702 videtur
684 666 839 702 ridicula
865 665 1032 712 quaedam
1057 671 1165 712 atque
1188 668 1302 703 otiosa
1325 678 1416 703 esse.
1468 667 1549 713 Ipse
1580 678 1692 713 quum
1720 679 1740 705 a
1765 673 1893 704 natura
1917 669 1965 704 ita
1997 673 2229 714 comparatus

307 742 404 773 esset
429 742 467 772 ut
494 738 529 772 in
559 738 666 772 vitam
694 742 729 772 et
753 747 810 772 res
838 738 936 782 ipsas
962 737 1121 772 animum
1149 737 1365 783 intenderet,
1392 738 1519 772 vitaret
1542 748 1630 773 cane
1655 739 1759 783 peJus
1785 744 1819 774 et
1844 749 1963 786 angue
1989 739 2228 786 cogitationes

304 818 324 843 a
369 808 539 843 sensibus
579 808 786 852 sejunctas,
823 817 864 842 ea
892 812 1030 843 tantum
1064 817 1108 843 ex
1140 806 1345 843 Stoicorum
1382 808 1574 852 praeceptis
1613 819 1694 853 quae
1734 808 1778 845 ad
1816 810 1896 845 vitre
1927 819 2032 845 usum
2068 807 2226 845 conferri

302 882 453 922 possent
479 877 788 922 amplectebatur:
815 877 937 921 itaque
964 886 1075 922 quum
1104 876 1148 911 de
1174 878 1302 912 virtute
1328 876 1509 921 loquitur,
1535 881 1598 912 aut
1625 878 1805 913 sermonis
1832 877 2035 922 quotidiani
2064 878 2228 924 sequitur

301 947 603 982 consuetudinem
631 951 693 982 aut
719 946 764 982 ad
790 956 831 981 ea
857 956 896 981 se
922 947 1082 991 applicat
1106 956 1186 990 quae
1215 945 1346 990 Stoici,
1384 956 1505 982 rerum
1531 947 1746 982 necessitate
1778 948 1911 991 coacti,
1943 948 2156 984 remittendo
2181 947 2226 982 de

299 1018 489 1051 severitate
527 1016 721 1058 doctrinae,
761 1015 806 1050 de
845 1015 918 1050 illis
958 1025 1038 1059 quae
1079 1020 1304 1062 προηγμένα
1340 1015 1508 1050 dicebant
1546 1015 1831 1060 disputaverant.
1898 1017 1988 1052 Nam
2026 1018 2063 1052 in
2101 1026 2224 1052 earum

300 1087 454 1121 maxime
478 1095 598 1120 rerum
623 1084 763 1128 studio,
802 1094 891 1128 quas
919 1084 1074 1128 sapienti
1101 1089 1271 1128 appetere
1293 1084 1425 1119 licebat
1448 1095 1514 1129 per
1538 1082 1699 1128 Stoicos,
1732 1086 1837 1129 ponit
1861 1085 2031 1121 Horatius
2058 1086 2223 1121 virtutem

299 1155 419 1209 itaque
456 1155 573 1189 varias
609 1154 688 1198 eJus
728 1153 868 1198 species
907 1154 1054 1188 statuit:
1088 1153 1286 1197 Justitiam‚
1323 1162 1484 1188 amorem
1522 1154 1669 1198 patriae,
1708 1153 1814 1189 fidem
1851 1159 1884 1190 et
1920 1155 2027 1191 habet
2066 1159 2100 1190 et
2140 1154 2225 1189 colit

299 1226 460 1260 virtutes.
517 1222 647 1267 Quid?
686 1222 784 1268 quod
809 1222 875 1268 Ep.
904 1223 938 1267 Ι,
963 1225 1027 1267 17,
1062 1225 1108 1259 41
1138 1223 1235 1258 haud
1257 1222 1385 1266 jocose
1411 1222 1499 1258 dicit

1073 1297 1134 1327 aut
1159 1292 1272 1327 virtus
1300 1301 1432 1327 nomen
1459 1293 1566 1327 inane
1589 1297 1643 1328 est

729 1363 802 1399 Aut
831 1363 941 1399 decus
969 1368 1002 1399 et
1026 1364 1182 1409 pretium
1212 1368 1307 1398 recte
1329 1364 1418 1408 petit
1444 1364 1634 1408 experiens
1662 1364 1727 1399 vir.

296 1434 324 1468 Α
364 1444 436 1479 qua
474 1433 622 1478 quidem
661 1434 790 1467 virtute
835 1438 1008 1478 quantum
1047 1432 1156 1466 distat
1197 1432 1259 1466 illa
1297 1430 1581 1479 ἀθαυμαστία,
1626 1442 1734 1477 quam
1779 1430 1891 1468 Stoici
1931 1443 2012 1468 cum
2051 1433 2220 1479 perfectoe

296 1505 485 1549 sapientiae
517 1504 639 1548 specie
672 1503 904 1547 conjunctam
936 1500 1153 1536 voluerunt!
1207 1500 1363 1537 Tantum
1399 1503 1510 1548 igitur
1544 1502 1646 1537 abest
1683 1506 1722 1537 ut
1751 1502 1786 1537 in
1814 1502 1879 1538 hac
1905 1504 2220 1547 perturbationum

293 1573 469 1609 vacuitate
502 1577 615 1618 ponat
645 1572 812 1608 virtutem
843 1570 1030 1614 Horatius,
1071 1575 1109 1606 ut
1142 1571 1205 1616 qui
1238 1576 1383 1608 moneat
1418 1581 1465 1607 ne
1497 1571 1585 1618 quid
1620 1571 1795 1607 miremur
1822 1570 1917 1608 idem
1952 1581 2017 1609 nos
2056 1583 2077 1609 a
2108 1574 2220 1609 nimio

295 1643 436 1677 virtutis
459 1642 579 1676 studio
606 1651 775 1677 revocare
797 1642 925 1685 possit.

489 1711 578 1747 Nam
611 1711 708 1756 quod
736 1711 792 1746 Tu
825 1711 915 1747 dicis
951 1711 1101 1747 omnino
1135 1710 1316 1756 ejusmodi
1351 1710 1656 1754 admonitionem,
1697 1720 1740 1746 ne
1775 1711 1940 1748 virtutem
1978 1712 2071 1749 ultra
2110 1722 2219 1758 quam

291 1783 379 1817 satis
416 1782 463 1816 sit
503 1785 693 1825 petamus,
732 1780 777 1816 ab
815 1781 882 1814 hac
919 1780 1073 1824 epistola
1109 1781 1245 1824 quippe
1285 1790 1365 1824 quae
1407 1780 1633 1826 gravissimis
1672 1780 1789 1814 verbis
1825 1781 1872 1815 sit
1905 1782 2105 1827 perscripta
2140 1792 2220 1817 esse

291 1852 467 1896 alienam,
509 1860 581 1886 non
621 1849 725 1885 video
761 1859 827 1885 cur
861 1854 978 1895 poetae
1008 1851 1170 1894 quamvis
1206 1850 1307 1896 gravi
1340 1860 1381 1885 ac
1417 1858 1542 1885 severo
1572 1858 1643 1884 non
1680 1849 1786 1885 liceat
1819 1860 1839 1886 a
1875 1850 2027 1886 ridicula
2060 1851 2216 1897 quadam

292 1922 434 1955 insania
472 1930 655 1954 revocare.
722 1919 911 1955 Ridiculus
946 1925 1064 1954 autem
1097 1924 1204 1963 atque
1238 1920 1389 1954 insanus
1420 1919 1607 1954 videbatur
1644 1919 1793 1954 Horatio
1826 1921 1858 1955 si
1894 1921 1975 1965 quis
2013 1919 2219 1957 Stoicorum

291 1990 445 2025 decretis
483 1991 531 2025 ita
573 1990 763 2035 utebatur,
811 1995 849 2025 ut
889 1990 959 2024 sibi
997 1994 1168 2024 constans
1210 1989 1382 2034 neglectis
1422 1998 1543 2024 rerum
1582 1988 1852 2025 conditionibus
1891 1994 1999 2035 atque
2038 1989 2218 2036 despectis

290 2061 481 2095 virtutibus
513 2070 593 2103 quae
628 2061 664 2094 in
706 2060 891 2095 communi
935 2062 1004 2094 vita
1050 2064 1282 2094 versarentur
1317 2069 1395 2094 eam
1435 2060 1575 2094 virtutis
1613 2060 1771 2103 speciem
1811 2065 2026 2104 sequeretur
2060 2069 2140 2105 quae
2180 2062 2216 2095 in

290 2129 474 2163 hominem
503 2137 576 2162 non
608 2128 763 2164 caderet.
831 2127 975 2163 Scilicet
1007 2129 1036 2162 is
1062 2132 1195 2172 praeter
1220 2137 1259 2162 se
1282 2137 1407 2162 omnes
1435 2128 1591 2162 habebat
1616 2128 1768 2169 stultos,
1804 2138 1842 2162 se
1871 2138 1982 2163 unum
2016 2130 2216 2173 sapientem

288 2209 328 2233 ac
365 2199 516 2233 bonum.
586 2197 693 2232 Tales
726 2203 828 2233 erant
861 2197 1041 2242 Crispini,
1084 2197 1315 2241 Damasippi,
1357 2196 1518 2233 Stertinii
1549 2198 1611 2241 qui
1646 2207 1754 2241 quam
1788 2198 1932 2233 ridiculi
1959 2203 2065 2243 atque
2097 2199 2217 2234 insani

288 2267 436 2303 Horatio
465 2268 532 2303 visi
565 2269 639 2303 sint
671 2268 829 2311 scimus,
869 2268 1049 2303 nescimus
1075 2277 1147 2312 quo
1179 2268 1263 2312 Jure
1295 2267 1364 2302 nisi
1392 2266 1490 2312 quod
1519 2271 1718 2313 urguereut
1744 2265 1948 2303 Stoicorum
1975 2267 2119 2304 decreta
2145 2268 2215 2314 ipsi

288 2346 360 2372 nou
386 2338 475 2373 satis
499 2338 695 2373 intellecta.
751 2336 851 2382 Quid
876 2336 1021 2384 igitur?
1055 2347 1165 2382 quum
1193 2338 1271 2382 ipse
1297 2336 1392 2371 dicat

720 2407 844 2442 Virtus
870 2411 924 2441 est
950 2406 1106 2440 medium
1134 2408 1301 2440 vitiorum
1329 2412 1363 2441 et
1390 2407 1571 2449 utrimque
1599 2405 1799 2449 reductum,

286 2485 530 2521 possumusne
573 2477 699 2513 mirari
745 2474 844 2522 quod
888 2474 1077 2510 dissuadet
1116 2475 1265 2510 nimium
1306 2475 1446 2510 virtutis
1484 2473 1643 2510 studium
1683 2475 1789 2520 quale
1828 2475 1930 2511 multi
1970 2475 2068 2511 illius
2102 2476 2215 2511 aetatis

285 2546 501 2590 philosophi
542 2556 618 2590 prae
654 2557 692 2581 se
729 2545 914 2581 tulerint?
966 2544 1123 2579 Nimium
1161 2550 1279 2579 autem
1315 2545 1455 2578 virtutis
1488 2544 1647 2579 studium
1685 2546 1820 2579 notavit
1853 2546 1970 2579 verbis
2003 2546 2093 2577 ultra
2118 2557 2215 2590 quam

284 2619 367 2650 eatis
391 2622 454 2659 est,
482 2626 574 2659 non,
601 2616 637 2652 id
666 2617 763 2662 quod
792 2615 847 2651 Tu
871 2616 934 2658 vis,
962 2615 1148 2650 vocabulis
1176 2616 1332 2649 virtutem
1354 2616 1471 2659 ipsam.
1528 2612 1671 2659 Quibus
1697 2614 1842 2660 quidem
1868 2615 1959 2651 nihil
1984 2614 2082 2650 aliud
2106 2625 2214 2660 quam

284 2687 439 2732 opponit
466 2686 626 2723 studium
654 2687 770 2732 ipsius
798 2686 957 2729 virtutis,
995 2686 1132 2731 quippe
1158 2685 1194 2721 in
1224 2694 1295 2730 qua
1321 2684 1475 2731 petenda
1508 2686 1655 2721 nimiam
1683 2684 1917 2731 cupiditatem
1946 2685 2114 2732 castigari
2141 2695 2213 2721 non

282 2767 391 2801 posse
416 2757 582 2802 plerique
606 2761 797 2800 censeant,
839 2756 968 2791 studiis
997 2760 1198 2791 ceterarum
1223 2765 1343 2790 rerum
1370 2764 1461 2800 quas
1486 2760 1591 2790 antea
1620 2755 1925 2790 commemoravit.
1991 2754 2070 2790 Tua
2097 2756 2211 2802 igitur

282 2829 491 2873 conjectura
514 2829 677 2872 quamvis
701 2827 799 2863 facili
829 2832 863 2863 et
882 2827 1094 2874 ingeniosa:
1119 2827 1322 2872 ultraquam
1341 2827 1423 2860 satis
1436 2818 1479 2857 el
1493 2826 1645 2860 virtutem
1659 2826 1690 2860 si
1697 2830 1791 2870 petat
1809 2825 1916 2869 ‘ipsam
1930 2833 2002 2861 nou
2024 2835 2118 2871 opus
2143 2829 2212 2862 est.
