2585 3173
1207 155 1238 197 9

451 335 552 386 virg.
577 335 669 374 Aen.
699 335 762 382 1⁰,
778 335 888 376 0³⁰2
913 335 1018 375 Nunc
1043 342 1164 375 manet
1189 338 1369 375 insontem
1395 337 1516 384 gravis
1543 337 1685 373 exitus:
1712 341 1770 370 aut
1795 345 1864 384 ego
1890 338 1963 372 veri

595 435 597 438 ι
906 407 1010 445 Vana
1033 406 1145 444 teror.

451 474 541 512 Hor.
565 473 735 512 omitt.
756 473 815 521 12,
836 477 881 514 3:
906 476 1124 514 Miserarum
1149 481 1204 513 est
1228 486 1345 522 neque
1369 476 1485 513 amori
1509 475 1596 511 dare
1620 474 1748 511 ludum
1773 495 1819 501 —

446 561 448 564 >
906 551 967 581 aut
988 546 1190 582 exanimari
1215 550 1430 582 metuentes.

451 612 541 652 Hor.
561 611 635 651 ΟΔ.
655 613 714 660 ΗΙ,
732 613 794 660 2⁴,
816 614 879 653 2⁴:
901 615 946 652 Et
967 625 1118 662 peccare
1143 615 1245 652 nefas
1269 621 1328 650 aut
1353 617 1507 662 pretium
1535 620 1589 652 est
1617 615 1723 650 mori.

451 684 595 730 ltaque,
631 684 807 731 quoniam
840 694 886 722 ex
918 683 1064 734 vulgari
1088 686 1384 733 interpretatione
1416 686 1532 722 nostri
1565 685 1636 721 loci
1662 684 1838 730 particula
1862 690 1921 719 aut
1947 695 2039 731 opus
2068 683 2171 728 soret,

259 764 328 803 ego
353 763 439 791 eum
460 753 516 789 sic
535 753 873 801 interpungendum
895 759 932 791 et
960 755 1215 802 explicandum
1237 764 1394 791 censeo:

647 821 688 860 si
713 823 845 860 meiius
869 823 958 870 quid
981 823 1115 869 habes,
1140 835 1296 862 arcesse.
1323 825 1377 861 vel
1403 825 1594 870 imperium
1622 823 1696 860 ser!

256 896 281 930 i.
313 904 346 930 c.
369 892 482 941 qnid?
504 893 588 939 «ἔφη
607 896 645 926 ω
668 892 847 939 maium
867 894 1035 939 οὺείοοω,
1074 900 1111 930 tu
1139 905 1202 929 rex
1233 895 1363 929 bibendi
1382 896 1478 929 esto!
1527 893 1556 929 A
1581 894 1716 941 linguae
1743 892 1889 939 quidem
1914 893 2057 941 legibus
2083 893 2172 928 nihil

255 965 382 1001 obstat.>
407 961 607 1009 quominus
642 962 696 998 sic
733 962 1041 1008 interpretemurz
1089 973 1172 1000 nam
1219 960 1376 1010 primum
1413 963 1601 1008 particulae
1641 964 1692 997 vel
1727 973 1806 999 eam
1844 963 1914 999 vim
1953 968 1992 998 ut
2032 964 2170 1007 majora

255 1031 430 1070 concedat
448 1030 600 1069 Hor-auo
624 1041 703 1069 esse
727 1032 999 1070 usitatissimam
1021 1038 1174 1078 apparet
1198 1044 1242 1069 ex
1268 1032 1396 1078 od.1‚
1436 1034 1502 1073 35,
1544 1033 1577 1068 1.
1632 1033 1681 1074 ll,
1720 1033 1761 1076 8,
1802 1033 1838 1068 3.
1900 1033 1966 1075 ΙΙΙ,
2008 1033 2071 1077 ll,
2110 1033 2170 1067 ⁴7.

255 1100 330 1139 Sat.
356 1100 386 1149 l,
409 1100 447 1148 2,
470 1099 553 1138 13⁴.
605 1101 642 1148 6,
666 1098 728 1138 22.
763 1099 851 1137 '⁴1⁰5
874 1104 946 1138 etc.
993 1099 1136 1137 ferendi
1158 1107 1278 1138 autem
1303 1101 1479 1138 vocabulo
1505 1101 1707 1146 saepissime
1729 1100 1926 1148 significari
1951 1101 2005 1137 vel
2031 1102 2174 1146 adipisci

253 1173 339 1217 quod
356 1172 440 1217 quis
466 1170 604 1216 petierit
634 1171 689 1206 vei
719 1181 763 1205 σω
788 1172 834 1205 iis
865 1182 937 1217 quoe
968 1177 1126 1216 tanquam
1160 1172 1387 1205 distribuenda
1418 1173 1456 1204 in
1490 1171 1596 1203 medio
1617 1171 1732 1215 posita
1763 1171 1831 1203 sint
1861 1176 1989 1214 partem
2010 1171 2171 1211 nancisci,

254 1241 360 1277 nemo
386 1238 557 1288 negabit:
593 1238 759 1285 exempla
783 1238 901 1277 ubivis
927 1240 1034 1277 etiam
1058 1239 1157 1287 apud
1182 1240 1369 1277 Horatium
1394 1241 1430 1276 iu
1458 1244 1604 1285 promtu
1631 1244 1727 1275 sunt.
1785 1237 1894 1284 Quod
1923 1240 2171 1286 magisterium

253 1309 412 1355 denique
433 1308 588 1345 douvivii
610 1308 773 1345 defertur
794 1308 841 1346 ad
868 1309 1106 1356 Torquatum,
1131 1309 1348 1356 plerumque
1372 1309 1519 1356 quidem
1546 1310 1633 1345 satis
1661 1313 1801 1344 constat
1825 1308 2167 1355 modimperatorem

253 1378 409 1416 mmm
430 1379 533 1425 iactu
565 1389 647 1416 esse
674 1384 852 1424 creatum,
885 1384 926 1416 nt
949 1378 1022 1416 od.
1049 1380 1084 1424 1,
1117 1381 1160 1424 4,
1190 1380 1256 1416 18:
1294 1380 1364 1416 Nec
1387 1391 1489 1425 reqna
1513 1381 1584 1414 eim·
1607 1380 1744 1415 sortiere
1778 1380 1858 1413 talis
1880 1385 1914 1415 et
1939 1380 1987 1422 ll,
2030 1380 2063 1423 7,
2098 1379 2170 1415 ⁶25:

255 1447 360 1491 Quom
393 1447 502 1484 Vm
535 1449 700 1491 arbitr-m
730 1449 820 1485 dioec
852 1449 1017 1484 bibendi?
1053 1449 1119 1486 sed
1150 1459 1262 1495 quum
1292 1459 1359 1495 per
1387 1459 1427 1485 se
1458 1449 1648 1495 probabile
1681 1451 1729 1484 sit
1760 1449 1796 1484 iu
1831 1449 1994 1484 convivio
2023 1459 2095 1484 non
2123 1448 2168 1483 de

252 1517 428 1566 symbolis
463 1523 591 1565 parato
626 1528 701 1565 quo
738 1519 822 1564 quis
861 1519 1063 1555 celebratus
1103 1521 1152 1556 sit
1183 1519 1229 1555 ad
1267 1519 1364 1555 hunc
1402 1520 1523 1564 ipsum
1563 1529 1714 1565 regnum
1748 1519 1907 1554 delatum
1949 1529 2047 1561 esse,
2096 1524 2171 1553 tum

253 1587 439 1635 sulii-agiis
462 1597 594 1636 regem
620 1598 702 1625 esse
729 1592 889 1625 creatum
911 1589 1001 1625 satis
1024 1590 1177 1635 apparet
1199 1599 1244 1625 ex
1276 1589 1369 1625 Xen.
1395 1587 1464 1624 An.
1490 1587 1532 1633 V,
1555 1590 1598 1635 9,
1637 1587 1684 1625 30
1718 1593 1752 1624 et
1781 1588 1876 1625 Plut,
1911 1587 2038 1635 symp.
2067 1588 2097 1631 l,
2135 1588 2169 1624 4.

250 1656 398 1694 Accedit
422 1657 521 1704 qnod
549 1660 581 1694 r.
609 1658 654 1694 21
688 1658 799 1703 hujus
826 1659 942 1704 ipsius
964 1660 1071 1704 epist.
1098 1658 1259 1704 legimus

682 1726 767 1765 Haec
794 1736 863 1776 ego
887 1736 1086 1774 procurare
1108 1732 1143 1764 et
1167 1726 1322 1765 idoneus
1345 1727 1508 1775 imperor
1532 1731 1567 1764 et
1593 1736 1666 1764 non

683 1798 840 1841 Invitus,
877 1808 923 1834 ne
946 1803 1053 1843 turpe
1078 1798 1172 1833 toral
1196 1803 1264 1833 etc.

441 1862 542 1911 >Quae
578 1865 726 1912 quidem
758 1866 867 1904 verba
897 1874 1020 1904 nonne
1051 1867 1139 1903 satis
1172 1866 1369 1903 ostendunt
1400 1865 1591 1903 Horatium
1626 1876 1706 1903 esse
1736 1872 1901 1913 paratum
1934 1872 1971 1902 ut
2000 1872 2168 1912 tanquam

252 1933 430 1981 Torquati
454 1941 676 1982 procurator.
693 1937 738 1973 ab
763 1946 806 1974 eo
832 1935 993 1983 imperia'
1003 1934 1185 1983 accipiat?
1234 1936 1411 1982 Equidem
1439 1946 1480 1973 ea
1512 1947 1587 1973 non
1617 1937 1873 1984 intelligerem,
1900 1938 1970 1973 nisi
1997 1943 2099 1973 antea
2123 1936 2167 1972 ad

251 2002 478 2050 Torquatum
504 2007 756 2053 magisterium
783 2006 932 2043 bibendi
958 2007 1116 2043 delatum
1138 2011 1245 2043 esset.

432 2074 566 2110 >Restat
606 2081 648 2111 ut
685 2076 819 2122 paucis·
842 2071 1060 2121 1expouam‚
1114 2075 1298 2121 quomodo
1348 2076 1457 2111 verba
1492 2077 1524 2110 ei
1563 2077 1682 2110 melius
1720 2077 1799 2122 quid
1839 2077 1935 2110 habes
1972 2087 2094 2110 arcesse
2135 2081 2167 2111 et

247 2143 299 2179 vel
332 2144 507 2191 &aperiam
544 2146 597 2191 fer
628 2146 677 2186 ita
708 2147 804 2183 iuter
826 2154 867 2184 se
902 2147 1087 2184 cohaere
1110 2147 1309 2183 existimem
1336 2150 1374 2181 ut
1402 2145 1448 2181 ad
1474 2147 1627 2182 alterum
1654 2152 1826 2191 tanquam
1857 2146 1901 2181 ad
1929 2147 2044 2188 majus
2080 2156 2163 2189 pro-

248 2211 409 2248 cedatur.
476 2212 683 2259 Torquatus
721 2215 777 2250 vir
813 2216 932 2263 gravis
964 2219 1071 2261 atque
1107 2223 1252 2250 severus
1284 2217 1318 2249 et
1343 2213 1560 2261 plerumque
1588 2215 1906 2260 occupatissimus,
1943 2211 2052 2259 quum
2092 2223 2165 2250 non

248 2279 355 2319 facile
392 2280 635 2320 adduceretur
669 2290 708 2321 ut
750 2285 860 2332 genio
900 2285 1126 2332 indulgeret,
1172 2295 1213 2320 ea
1252 2289 1390 2319 tantum
1440 2285 1650 2320 conditione
1688 2284 1733 2319 ad
1777 2285 1978 2319 convivium
2022 2286 2167 2319 invitari

246 2352 413 2397 potent,
448 2356 488 2389 ut
524 2353 595 2389 sibi
633 2364 785 2400 parcere
821 2353 1095 2401 possetssa'tque
1129 2363 1255 2390 cavere
1286 2354 1330 2389 ab
1366 2355 1466 2389 omni
1499 2355 1649 2399 crapula
1688 2354 1967 2399 vaporibusque.
2039 2352 2165 2398 Quare

249 2419 446 2458 Horatium
495 2421 663 2471 Bonum,
709 2424 849 2471 inquit,
893 2422 997 2461 bibes
1038 2425 1188 2460 vinum:
1234 2423 1388 2459 libenter
1428 2425 1537 2459 etiam
1577 2425 1695 2469 patiar
1735 2428 1770 2459 te
1810 2423 1997 2459 meliorem
2042 2429 2164 2461 notam

246 2491 367 2537 ipsum
405 2491 561 2529 afferret
603 2493 729 2538 quid?
774 2495 856 2539 ipse
887 2499 925 2529 tu
960 2504 1025 2530 rex
1066 2493 1213 2529 bibendi
1253 2498 1329 2528 esto
1366 2497 1405 2527 ut
1442 2494 1522 2538 ipse
1563 2493 1651 2537 quid
1693 2493 1847 2537 quisque
1888 2494 1987 2528 bibat
2026 2499 2163 2530 statuas

246 2564 355 2605 atque
395 2560 610 2598 modereris.
678 2562 817 2599 Domus
855 2572 935 2600 mea
977 2563 1195 2610 jamdudum
1232 2567 1296 2599 tuo
1336 2562 1490 2609 imperio
1534 2566 1659 2609 parata
1702 2566 1770 2599 est.
1820 2581 1865 2589 —
1913 2562 1996 2600 Haec
2040 2564 2163 2601 omnia

247 2631 383 2677 optime
418 2631 515 2669 inter
546 2642 587 2670 se
619 2633 804 2670 cohaererc
838 2631 1016 2670 dixerim:
1042 2633 1173 2678 itaque
1204 2642 1314 2678 quum
1344 2632 1451 2668 verba
1479 2633 1514 2667 εἰ
1540 2633 1658 2666 melius
1680 2633 1760 2678 quid
1789 2632 1885 2667 habes
1908 2645 2033 2669 arcesse
2066 2637 2162 2671 serio

247 2698 340 2736 dicta
374 2709 454 2737 esse
486 2707 682 2749 appareat,
714 2703 775 2739 hic
806 2712 930 2740 versus
962 2702 1059 2740 haud
1089 2704 1279 2740 minimum
1305 2703 1397 2739 valet
1422 2702 1467 2739 ad
1499 2702 1724 2748 Torquatum
1754 2703 1798 2739 ab
1826 2704 1986 2740 avaritiae
2014 2706 2164 2741 crimine

247 2767 530 2809 defendendum.

1945 2839 1962 2863 5
