2585 3173
1289 197 1354 241 24

1197 252 1441 285 mmet

1271 382 1303 419 O
1330 387 1394 420 tua·
1421 389 1534 420 cornu

789 451 832 487 Ni
854 449 948 486 foret
971 456 1116 487 exsecto
1142 451 1264 495 frons,
1296 452 1430 496 inquit,
1456 449 1545 495 quid
1569 448 1725 493 faceres,
1751 458 1835 486 cun

790 517 851 556 Sic
876 519 1024 556 mutilus
1049 520 1228 557 miniteris
1243 520 1263 555 ἰ’
1310 519 1357 554 At
1378 519 1433 556 illi
1458 518 1556 556 foeda
1580 519 1729 556 cicatrix

789 588 956 625 Setosam
984 589 1064 625 laevi
1091 588 1246 625 frontem
1273 593 1480 635 turpaverat
1504 589 1595 624 oris.

358 659 413 695 Ad
439 668 547 705 quem
572 658 719 704 quidem
744 657 866 694 locum
887 657 1049 694 Orellius
1072 667 1153 694 cum
1180 668 1221 695 ea
1249 669 1319 705 qua
1340 658 1432 695 solet
1453 658 1491 693 in
1517 656 1781 703 praetereuudis
1807 655 2078 695 difficultatibus
2098 656 2275 696 facilitate

357 740 401 767 ex
427 728 543 766 Haud.
574 728 683 765 Turs.
719 727 753 775 1,
791 737 828 774 p.
857 726 926 765 421
964 728 1066 764 aflert
1100 728 1276 765 nonnulla
1306 737 1386 775 quae
1413 727 1501 766 illuc
1528 735 1682 773 prorsus
1709 736 1788 764 non.
1806 727 2044 773 pertineam:-
2071 729 2271 766 rectissime

357 809 442 835 vero
468 799 700 834 Heindorfius
726 803 849 834 monet
873 797 1089 842 particulam
1115 803 1152 831 at
1178 798 1377 833 insolenter
1402 801 1614 841 usurpatam
1639 806 1720 833 esse
1742 806 1809 842 pro
1830 801 1949 840 aaran,
1977 798 2150 843 explicari
2173 798 2269 834 enim

357 868 541 914 quomodo
569 867 779 905 Sarmentus
806 867 1024 903 mentionem
1051 866 1189 911 injiciat
1214 865 1259 903 de
1284 876 1399 903 cornu
1428 870 1586 902 exsecto.
1647 864 1821 904 Similiter
1853 871 1977 904 nostro
2011 867 2093 904 loco
2122 876 2189 913 pro
2214 868 2270 902 sed

356 939 505 974 velimus
531 938 706 982 scriptum
739 945 818 972 esse
851 940 969 970 autem.
1031 935 1113 970 Duo
1144 935 1258 982 igitur
1288 936 1325 972 hi
1357 935 1450 978 loci,
1486 936 1660 980 quoniam
1688 935 1736 972 ad
1770 940 1961 982 utrumque
1987 936 2072 972 libri
2103 944 2268 973 manusc.

357 1008 447 1043 nihil
475 1008 570 1042 inter
592 1016 630 1042 se
653 1006 882 1050 discrepant,
922 1005 971 1039 ita
998 1004 1092 1039 inter
1114 1014 1193 1040 sese
1217 1010 1365 1040 tuentur
1384 1010 1423 1040 ut
1448 1005 1664 1049 corruptelae
1687 1006 1828 1041 oriatur
1850 1006 2012 1050 suspicio
2038 1006 2150 1042 nulla.
2195 1006 2269 1042 lam

355 1087 438 1114 vero
461 1077 633 1123 quoniam
662 1075 740 1112 fieri
767 1084 840 1111 non
867 1074 986 1120 potuit
1014 1077 1052 1109 ut
1078 1073 1340 1120 particularum
1363 1080 1401 1109 at
1427 1078 1461 1111 et
1483 1074 1539 1109 sod
1561 1074 1715 1121 propria
1738 1075 1790 1112 vis
1814 1079 2057 1120 evanesceret,
2095 1075 2270 1121 quaeritur

354 1145 539 1192 quomodo
576 1146 777 1190 explicetur
815 1144 897 1180 talis
933 1152 1035 1179 usus.
1100 1142 1217 1187 Atque
1252 1144 1290 1178 in
1328 1145 1438 1179 satira
1476 1143 1623 1188 quidem
1653 1144 1716 1179 illa
1751 1144 1829 1179 haec
1863 1144 1950 1179 mibi
1981 1144 2121 1180 videtur
2151 1149 2269 1190 poetae

355 1217 532 1253 sententia
556 1225 660 1251 esse:
684 1220 720 1248 at
740 1225 843 1260 prope
868 1218 938 1248 erat
963 1218 1003 1246 at
1023 1214 1307 1258 praetermitterem
1330 1214 1423 1248 vobis
1446 1224 1587 1247 narrare
1610 1214 1649 1248 dc
1669 1214 1759 1258 soeda
1782 1214 1934 1248 cicatrice
1957 1225 2028 1260 qua·
2050 1215 2104 1249 illi
2125 1215 2269 1259 frmitcm

357 1291 559 1332 turpaverat.
622 1283 757 1320 Eadem
791 1285 904 1331 igitur
934 1284 1074 1319 ratione
1115 1288 1278 1319 nostrum
1312 1283 1434 1319 locum
1471 1282 1726 1327 explicandum
1756 1291 1912 1319 censeo:
1952 1282 2030 1319 Non
2061 1285 2126 1319 sibi
2150 1283 2270 1318 Cumae

355 1367 421 1390 esse
443 1358 521 1399 iter,
559 1365 650 1401 eques
680 1354 764 1388 laeva
791 1354 918 1387 habena
946 1352 1146 1398 siqnificabit
1185 1364 1263 1398 equo
1277 1364 1290 1386 .·
1328 1353 1384 1386 sed
1409 1352 1563 1398 quoniam
1592 1352 1691 1386 verba
1720 1364 1794 1386 mea
1818 1353 1935 1398 paullo
1957 1353 2144 1389 obscuriora
2167 1359 2270 1389 sunt:

356 1428 429 1471 equi
451 1426 583 1469 sremto
607 1429 657 1458 est
678 1425 773 1457 auris
795 1424 832 1456 in
855 1433 921 1456 ore.
970 1421 1104 1457 Verum
1130 1425 1184 1456 est
1207 1422 1255 1456 ita
1279 1421 1425 1466 quidem
1449 1421 1574 1466 paullo
1599 1421 1790 1466 loquacius
1813 1421 1933 1458 dicere
1959 1422 2169 1466 Horatium,
2204 1422 2268 1459 sed

356 1495 436 1540 ipsa
463 1504 505 1530 ea
529 1493 731 1539 loquacitas
754 1501 836 1528 eum
861 1492 898 1527 in
924 1492 991 1527 hac
1017 1490 1171 1536 epistola
1196 1489 1338 1527 videtur
1360 1489 1501 1527 decere.

549 1561 659 1607 Quod
699 1567 818 1598 autem
846 1560 1009 1607 ejusdem
1045 1562 1151 1606 epist.
1192 1571 1223 1596 v.
1263 1560 1312 1597 32
1347 1561 1537 1596 restituisti
1571 1558 1741 1597 Blandiui
1776 1560 1967 1597 lectionem
2006 1561 2148 1596 donarat
2180 1566 2215 1598 et
2249 1572 2270 1599 a

357 1645 388 1669 v.
416 1635 462 1670 31
487 1643 616 1669 novam
643 1632 935 1668 enunciationem
959 1632 1008 1666 ita
1031 1629 1185 1673 ordiris,
1219 1635 1257 1666 ut
1287 1631 1451 1666 versibus
1478 1632 1586 1666 26-
1601 1632 1649 1667 30
1674 1630 1844 1666 Maenium
1869 1631 1987 1675 qualis
2011 1640 2137 1668 scurra
2161 1630 2271 1668 fuerit

358 1702 515 1739 describi
545 1701 667 1746 dicas,
701 1701 832 1737 deinde
863 1711 896 1736 v,
932 1700 979 1736 31
1010 1704 1045 1735 et
1080 1699 1128 1735 32
1160 1704 1303 1744 poetam
1335 1699 1380 1735 ad
1414 1699 1505 1735 illud
1537 1703 1679 1745 tempus
1709 1708 1782 1744 quo
1813 1698 1923 1735 fuerit
1953 1699 2051 1736 dives
2076 1701 2270 1746 respicere,

358 1772 516 1817 denique
547 1771 632 1807 inde
668 1782 688 1807 a
718 1781 751 1806 v.
785 1772 833 1807 33
871 1770 1001 1805 iterum
1027 1770 1143 1805 notari
1171 1769 1339 1804 Maenium
1370 1769 1415 1805 ad
1450 1773 1645 1816 egestatem
1671 1768 1877 1805 redactum:
1912 1770 2053 1806 etiamsi
2089 1770 2270 1806 abstinere

355 1843 541 1888 potuisses
568 1841 656 1887 quin
684 1850 715 1875 v.
744 1841 791 1877 33
815 1841 869 1874 hic
891 1844 1049 1875 mutares
1076 1840 1112 1874 in
1138 1839 1233 1881 hinc,
1273 1848 1317 1874 ne
1351 1840 1400 1875 ita
1432 1837 1578 1884 quidem
1603 1838 1690 1874 mihi
1716 1839 1913 1884 probasses
1944 1839 2135 1875 lectionem
2164 1840 2269 1877 istam

355 1912 552 1958 genuinam
576 1920 670 1946 esse.
724 1908 824 1954 Quid
847 1906 974 1946 enim?
1004 1912 1111 1954 poeta
1136 1909 1198 1953 qui
1223 1919 1256 1943 v.
1283 1909 1331 1944 26
1352 1909 1428 1953 Jam
1455 1908 1606 1943 dixisset
1629 1907 1801 1944 Maenium
1830 1909 1938 1944 rebus
1965 1910 2136 1945 maternis
2162 1913 2270 1955 atque

355 1981 516 2026 paternis
552 1979 693 2016 fortiter
730 1979 932 2024 absumptis
970 1977 1016 2014 ad
1055 1982 1248 2024 egestatem
1287 1977 1471 2013 redactum
1505 1986 1609 2019 esse,
1642 1977 1704 2022 qui
1741 1981 1883 2022 poterat
1911 1987 1944 2013 v.
1979 1977 2023 2014 31
2059 1978 2269 2015 memoriam

356 2051 454 2087 illius
485 2051 657 2095 temporis
684 2059 756 2094 quo
781 2049 880 2085 dives
908 2048 1037 2084 fuisset
1062 2046 1260 2083 revocare?
1309 2046 1385 2083 Cur
1411 2047 1557 2083 tandem
1583 2051 1658 2082 tum
1685 2046 1728 2082 de
1752 2047 1822 2083 boc
1846 2052 1921 2083 tum
1946 2047 1991 2084 de
2019 2048 2083 2084 illo
2110 2053 2269 2094 tempore

357 2121 390 2156 ei
416 2118 639 2165 loquendum
668 2116 773 2154 erat?
823 2118 873 2154 lta
897 2122 1036 2154 tantum
1063 2117 1312 2162 interpretatio
1339 2118 1407 2152 ista
1438 2126 1527 2152 sana
1550 2114 1662 2158 foret,
1694 2116 1726 2152 si
1750 2115 1919 2152 Horatius
1944 2126 2068 2153 versus
2093 2118 2139 2154 31
2164 2122 2199 2154 et
2221 2118 2270 2155 32

356 2200 423 2236 per
455 2191 714 2237 παρένθεσιν,
756 2194 794 2225 ut
828 2190 877 2225 ita
910 2187 1046 2236 dicam,
1082 2188 1296 2224 inseruisset
1326 2186 1372 2223 ad
1414 2185 1667 2231 explicandum
1711 2185 1849 2231 aliquid
1881 2186 1980 2232 quod
2016 2187 2141 2233 paullo
2186 2191 2269 2224 ante

358 2263 699 2294 commemorassem
749 2268 864 2302 nunc,
908 2260 994 2303 quia
1036 2268 1068 2292 v.
1116 2258 1166 2293 30
1196 2259 1241 2292 iis
1289 2266 1369 2301 quae
1413 2259 1615 2300 sequuntur
1660 2256 1778 2290 verbis
1816 2256 1990 2301 explicari
2024 2265 2097 2291 non
2137 2261 2269 2301 potest,

358 2330 616 2364 sententiarum
655 2328 838 2374 quandam
878 2327 1130 2365 confusionem
1166 2326 1333 2363 conferre
1371 2325 1503 2362 videris
1544 2326 1580 2361 in
1615 2324 1814 2362 Horatium.
1877 2324 2010 2362 Verum
2041 2329 2119 2362 esto
2151 2336 2182 2361 v.
2221 2325 2269 2362 31

359 2403 393 2434 et
415 2399 463 2434 32
489 2397 532 2432 de
558 2398 678 2433 Maeuii
705 2398 814 2433 rebus
837 2397 1007 2433 secundis
1035 2406 1113 2432 esse
1139 2406 1367 2432 sermonemz
1400 2395 1463 2440 qui
1489 2394 1633 2430 tandem
1657 2395 1688 2430 is
1713 2394 1784 2430 dici
1807 2399 1949 2439 poterat
1973 2394 2131 2431 donasse
2155 2396 2270 2431 ventri

358 2466 535 2513 quidquid
557 2468 759 2511 quaesiisset
779 2465 899 2503 lucri?
924 2477 1007 2502 nam
1032 2470 1127 2501 certe
1151 2465 1237 2501 dum
1258 2466 1408 2501 florebat
1428 2465 1560 2510 opibus
1585 2465 1756 2500 maternis
1774 2468 1881 2509 atque
1902 2465 2084 2509 paternis,
2106 2473 2268 2509 quaerere

358 2549 404 2574 ne
427 2538 616 2573 minimum
643 2537 787 2581 quidem
814 2537 943 2573 solitus
971 2541 1025 2572 est
1052 2536 1222 2578 Maenius,
1254 2535 1318 2571 sed
1351 2534 1493 2571 sortiter
1521 2534 1732 2571 absumebat
1757 2533 1935 2570 fortunas.
1999 2532 2123 2578 Itaque
2148 2534 2268 2579 primo

358 2606 560 2644 revocanda
583 2606 672 2643 mihi
697 2606 885 2643 videbatur
908 2606 1015 2643 lectio
1037 2605 1181 2653 vulgata
1207 2605 1363 2648 donabat,
1390 2603 1486 2650 quod
1515 2604 1660 2641 verbum
1686 2603 1730 2641 ad
1754 2603 1874 2640 Maenii
1900 2611 2031 2639 nomen
2058 2602 2265 2641 referretur.

360 2678 470 2724 Quod
506 2680 537 2714 si
567 2688 691 2714 verum
722 2682 836 2721 esset,
872 2688 938 2723 per
967 2687 1092 2714 versus
1124 2676 1294 2713 26—32
1327 2676 1376 2712 ita
1410 2677 1684 2712 continuaretur
1714 2676 1832 2711 oratio
1860 2679 1899 2711 ut
1930 2674 2080 2710 Maenius
2111 2674 2268 2712 fortunis

359 2750 562 2793 absumptis
590 2753 748 2784 ventrem
778 2747 959 2784 diceretur
988 2757 1057 2793 pro
1085 2746 1153 2782 deo
1181 2748 1285 2792 quasi
1311 2756 1353 2782 ac
1376 2746 1524 2782 domino
1550 2745 1722 2782 habuisse
1747 2748 1782 2780 et
1803 2744 1961 2781 coluisse
1987 2749 2094 2790 atque
2120 2746 2269 2781 omnino

361 2819 537 2866 quidquid
564 2829 583 2854 a
610 2818 813 2855 fautoribus
844 2819 1072 2864 impetrasset
1097 2827 1205 2854 avaro
1232 2818 1346 2853 ventri
1372 2813 1542 2852 donasse.
1590 2814 1729 2850 Deinde
1762 2825 1793 2850 v.
1820 2815 1964 2852 33—41
1987 2816 2034 2852 ita
2059 2814 2272 2862 procederet
